2332 4134
944 274 1302 326 ...13-

429 421 569 474 “πῶς
608 421 769 473 οὐδὲν
809 419 941 482 ἄρας
979 417 1134 481 ἦλθες
1174 418 1347 480 ὥςπερ
1389 415 1644 476 εἰώθειςῇ

428 508 460 560 6
501 508 546 559 δὶ
588 505 728 559 εἶπε·
772 504 910 557 ‘misc
948 504 1066 567 γάρ,
1107 503 1179 555 ὡς
1216 503 1417 564 γυναικὶ
1456 500 1771 562 πιςτεύων;’
2094 512 2146 551 10

250 593 502 648 Διδάςκει
540 593 673 656 ἡμᾶς
713 591 743 643 6
783 594 948 655 μῦθος
988 588 1070 641 ὅτι
1107 589 1171 641 οὐ
1212 590 1309 652 χρὴ
1350 590 1470 639 πᾶςι
1507 586 1785 647 πιςτεύειν,
1839 586 2039 648 γυναικὶ
2090 587 2150 638 δὲ

40 731 42 733 .
82 681 260 746 ἥκιςτα
297 679 498 744 μεγάλα
534 679 618 730 καὶ
657 677 943 741 πάμπολλα
983 676 1417 742 ἐπαγγελλομένη.
1477 674 1612 736 πρὸς
1651 672 1747 724 τὸν
1792 673 1964 724 κεναῖς
2013 669 2147 724 ἀπά-

81 784 193 820 ταις
231 766 639 828 ἐξαπατηθέντα.

423 965 680 1029 Αἴλουρος
720 963 893 1028 ὄρνεις
933 963 1096 1026 οἰκίης
1136 964 1434 1026 ἐνεδρεύων

426 1052 498 1104 ὡς
538 1050 766 1104 θύλακός
804 1067 879 1101 τις
917 1049 1198 1101 παςςάλων
1236 1049 1527 1112 ἀπηρτήθη.

425 1138 523 1190 τὸν
561 1136 607 1190 δ’
646 1135 742 1189 εἶδ’
783 1135 1021 1199 ἀλέκτωρ
1062 1135 1279 1186 πινυτὸς
1317 1133 1708 1196 ἀγκυλογλώχιν

423 1223 507 1275 καὶ
546 1221 691 1274 ταῦτ’
732 1222 1078 1285 έκερτόμηςεν
1118 1220 1211 1274 ὀξὺ
1253 1221 1531 1284 φωνήςας·

421 1304 683 1361 <πολλοὺς
722 1310 817 1372 μὲν
858 1306 983 1360 οἶδα
1021 1307 1285 1359 θυλάκους
1326 1306 1454 1358 ἰδὼν
1493 1298 1618 1369 ἤδη·
2120 1315 2146 1353 5

424 1394 599 1447 οὐδεὶς
638 1395 684 1447 δ’
726 1393 957 1446 ὀδόντας
996 1392 1103 1456 εἶχε
1144 1395 1344 1446 Ζῶντος
1384 1391 1672 1454 αἰλούρου.’

247 1481 399 1547 Πρὸς
436 1482 563 1533 τοὺς
602 1479 709 1533 ἀπὸ
765 1479 949 1544 πείρας
996 1479 1378 1543 γνωριςθέντας
1426 1478 1783 1540 κακούργους,
1841 1480 1924 1529 καὶ
1971 1479 2148 1541 μηκέτι

78 1571 190 1622 ταῖς
227 1568 436 1621 τούτων
473 1566 768 1641 ὑποκρίςεςί
807 1582 921 1617 τινα
961 1566 1325 1619 έξαπατᾶςθαι.

422 1811 591 1879 Βορέῃ
630 1812 865 1871 λέγουςιν
903 1808 1034 1876 ἡλίῳ
1074 1826 1130 1860 τε
1168 1809 1415 1871 τοιαύτην

419 1896 530 1960 ἔριν
566 1897 818 1958 γενέςθαι,
856 1894 1086 1958 πότερος
1127 1893 1323 1958 ἀνδρὸς
1363 1893 1616 1958 ἀγροίκου

425 1981 846 2046 ὁδοιποροῦντος
887 1983 983 2045 τὴν
1022 1981 1263 2044 ςίςυρναν
1303 1981 1517 2033 ἐκδύςει.

419 2069 607 2132 βορέης
646 2070 706 2120 δὲ
745 2068 916 2133 φύςας
954 2070 1167 2131 πρῶτος
1206 2066 1319 2118 οἶος
1359 2067 1415 2118 ἐκ
1455 2067 1665 2135 Θρᾴκης

424 2153 505 2222 βίῃ
545 2153 772 2217 ’νόμιζεν
812 2154 907 2205 τὸν
946 2155 1225 2218 φοροῦντα
1264 2153 1519 2215 ςυλήςειν·
2119 2168 2144 2206 5

421 2239 452 2291 6
493 2238 538 2292 δ’
578 2239 642 2291 οὐ
682 2243 874 2303 μεθῆκε
913 2239 1127 2303 μαλλόν,
1168 2238 1299 2290 ἀλλὰ
1340 2238 1561 2303 ῥιγώςας

421 2326 504 2377 καὶ
542 2325 716 2377 πάντα
756 2326 928 2394 κύκλῳ
970 2326 1108 2388 χερςὶ
1147 2324 1414 2388 κράςπεδα
1453 2324 1667 2389 ςφίγξας

422 2411 672 2475 έκράτηςε
710 2413 906 2475 πέτρης
944 2414 1119 2462 νῶτον
1159 2411 1314 2476 έξοχῇ
1361 2410 1549 2461 κλίνας.

421 2497 451 2550 ὁ
491 2497 538 2550 δ’
576 2498 720 2561 ἥλιος
761 2499 823 2549 τὸ
863 2500 1079 2561 πρῶτον
1116 2497 1246 2559 ἡδὺς
1286 2497 1519 2560 ἐκκύψας

422 2583 616 2648 ἀνῆκεν
655 2584 820 2636 αὐτὸν
859 2587 955 2635 τοῦ
996 2584 1287 2647 δυςηνέμου
1328 2583 1550 2647 ψύχους,
2093 2595 2146 2634 10

422 2669 599 2722 ἔπειτα
639 2670 684 2722 δ’
725 2667 1059 2733 αῧ“’”’προςῆγε
1097 2670 1192 2733 τὴν
1231 2669 1353 2732 ἕλην
1390 2669 1582 2721 πλείω·

419 2756 501 2807 καὶ
540 2759 712 2820 καῦμα
750 2756 846 2808 τὸν
883 2756 1125 2819 γεωργὸν
1165 2754 1303 2818 εἶχεν
1344 2755 1608 2819 ἐξαίφνης,

421 2842 583 2894 αὐτὸς
622 2844 681 2894 δὲ
722 2842 881 2907 ῥίψας
920 2842 1099 2905 ςυρίην
1140 2842 1427 2905 ἐγυμνώθη.

249 3000 274 3039 9
308 2998 461 3053 ὥςπερ
494 2997 546 3052 Α]
582 2999 741 3053 ὧνπερ
774 3000 1004 3040 Eberhard
1037 2999 1103 3042 ὡς
1134 3000 1244 3053 πρὶν
1277 2999 1422 3054 Bergk
1514 3002 1566 3040 10
1599 2999 1664 3042 ὡς
1698 2998 1747 3054 G]
1783 2999 1835 3043 ὃς
1867 2999 1901 3043 Α
1981 3010 2141 3051 γυναι-

79 3052 161 3097 κὸς
190 3054 225 3099 Α
326 3056 564 3099 πιςτεύων
597 3055 648 3110 G]
683 3056 886 3100 πιςτεύω
919 3057 952 3100 Α
983 3059 1085 3099 πῶς
1116 3057 1207 3111 γάρ
1239 3069 1310 3099 τις
1342 3056 1577 3100 πιςτεύςει
1607 3055 1817 3109 γυναικί;
1853 3056 1885 3100 Β
1917 3059 2018 3099 πῶς
2049 3055 2141 3111 γάρ

77 3123 148 3154 τις
177 3112 363 3164 γυναικὶ
393 3113 645 3165 πιςτεύςεις
676 3114 976 3155 Eberhardius
1008 3116 1054 3154 in
1084 3115 1369 3155 adnotatione
1400 3116 1554 3155 critica

249 3165 306 3213 17
337 3169 372 3212 Α
392 3190 461 3203 --
493 3172 521 3210 4
551 3169 760 3224 ὀξύφων’
794 3170 909 3227 ᾄςας
940 3169 1098 3212 Nauck
1159 3173 1285 3225 epim.
1319 3170 1660 3215 ἐξαπατῶντας
1692 3172 1833 3213 Boiss.

245 3225 302 3271 18
331 3225 366 3270 Α
408 3230 535 3269 1-3
567 3227 599 3272 S
640 3228 835 3283 (ςιςύρα)
957 3231 1008 3269 16
1049 3229 1292 3283 Georgides
1332 3230 1489 3271 Gnom.
1530 3231 1551 3269 I
1597 3244 1639 3283 p.
1679 3233 1703 3271 9
1746 3229 1778 3271 Β
1806 3231 1857 3270 17
1901 3227 1931 3272 G
1963 3230 2045 3270 306
2085 3248 2143 3257 —

80 3284 101 3322 1
131 3281 272 3338 βορέᾳ
294 3283 328 3327 Α
403 3287 429 3325 3
462 3282 678 3339 ςίςυρναν
700 3285 849 3340 Toup]
885 3286 1072 3340 ςιςύραν
1094 3285 1129 3329 Α
1147 3285 1177 3330 8
1259 3289 1286 3327 4
1309 3286 1477 3340 βορέας
1499 3287 1532 3330 Α
1610 3287 1649 3328 δ’
1671 3286 1823 3340 ἑφύςα
1846 3286 1897 3327 G.
1915 3287 2142 3327 Hermann

77 3382 103 3422 5
136 3378 211 3437 βίᾳ
233 3382 268 3423 Α
345 3381 546 3435 ’νόμιζεν
571 3383 621 3438 G]
656 3383 861 3437 νομίζειν
892 3385 927 3429 Α
958 3383 1164 3436 νομίζων
1195 3388 1340 3427 Minas
1410 3349 1618 3440 ςυλήςειν
1651 3386 1683 3430 Α
1791 3389 1815 3428 6
1849 3387 2026 3439 μᾶλλον
2059 3385 2142 3430 Ac

79 3439 105 3478 8
146 3437 375 3493 ἑκράτηςε
406 3439 458 3495 G]
509 3442 535 3484 6
568 3441 618 3484 δὲ
650 3443 799 3495 ῥιγῶν
831 3444 908 3485 καὶ
940 3442 1239 3496 κρατήςας
1279 3442 1571 3497 ἀμφοτέραις
1609 3444 1765 3496 χερςὶν
1797 3443 1854 3486 τὸ
1886 3441 2075 3496 ἱμάτιον
2108 3443 2140 3487 Β

76 3497 282 3549 καθῆςτο
313 3498 348 3541 Α
421 3513 463 3541 v.
494 3500 520 3540 8
552 3503 653 3540 ante
687 3502 709 3540 7
743 3501 994 3541 conlocavit
1026 3501 1241 3554 Bergkius
1312 3501 1570 3555 πέτρης...
1600 3499 1760 3543 κλίνας
1791 3499 1845 3554 Α]
1881 3500 2018 3554 ἔβαλε
2049 3499 2141 3553 τὴν

78 3553 293 3606 κεφαλὴν
326 3554 378 3597 ἔν
408 3568 500 3598 τινι
530 3554 707 3610 πέτρας
738 3557 829 3610 ὁπῇ
863 3558 955 3610 τὴν
986 3558 1114 3611 ψόαν
1148 3557 1236 3600 ἔξω
1271 3557 1411 3600 ἑάςας
1443 3559 1476 3602 Β
1569 3561 1618 3598 11
1662 3557 1776 3610 ἕλην
1808 3559 1859 3600 G.
1894 3555 2137 3610 Hermann]

80 3607 228 3663 ἄλλην
258 3612 330 3652 vel
361 3610 508 3666 ἄλλην
539 3614 574 3657 Α
666 3617 717 3654 13
750 3613 913 3668 ςυρίην
945 3616 1018 3665 (cf.
1049 3616 1106 3658 H.
1138 3614 1350 3669 Stephani
1381 3616 1512 3656 Thes.
1543 3616 1595 3657 L.
1618 3615 1671 3658 G.
1702 3617 1748 3655 in
1778 3630 1818 3656 v.
1855 3615 2009 3670 ςύραιε
2053 3614 2141 3657 ‘cu-

76 3663 184 3732 ρίαν
214 3668 408 3722 Hesych.
439 3683 535 3711 esse
565 3673 628 3712 ait
657 3675 910 3724 παχεῖαν
941 3673 1166 3725 χλαῖνανε
1207 3672 1278 3713 vel
1310 3671 1403 3715 ἀπὸ
1435 3675 1521 3726 τῆς
1555 3671 1796 3726 ςιςύρνης,
1827 3674 1900 3714 vel
1933 3674 2138 3726 quoniam

77 3736 124 3763 m
143 3723 427 3779 Cappadocia
456 3726 585 3781 fiunt3
617 3728 697 3769 hos
727 3734 873 3770 autem
899 3743 995 3770 esse
1017 3730 1177 3782 Syros?
1207 3734 1253 3770 at
1274 3730 1561 3770 derivandum
1592 3730 1767 3770 videtur
1797 3743 1824 3770 a
1857 3732 1939 3784 ςῦρ
1975 3727 2136 3783 (onus),

80 3781 202 3822 cuius
232 3793 260 3823 υ
292 3783 474 3837 longum
505 3798 602 3825 esse
631 3784 751 3826 haud
782 3788 1013 3840 quisquam
1043 3787 1286 3839 negaverit)
1322 3785 1371 3838 G]
1405 3786 1496 3838 τὴν
1528 3785 1718 3840 ςιςύραν
1750 3786 1784 3830 Α
