2332 4134
1050 273 1403 324 —12-

548 567 740 630 Ἀρκος
779 566 947 628 φιλεῖν
987 560 1274 623 ἄνθρωπον
1313 555 1551 607 ἐκτόπως
1589 553 1759 615 ηὔχει·

548 652 737 715 νεκρὸν
774 650 873 712 γὰρ
915 646 1078 698 αὐτοῦ
1120 641 1243 706 ςῶμ’
1283 641 1475 705 ἔφαςκε
1515 639 1581 702 μὴ
1622 638 1807 700 ςύρειν.

545 736 681 799 πρὸς
718 736 782 797 ἣν
821 732 1034 793 ἀλώπηξ
1073 728 1209 780 εἶπε·
1244 721 1258 739 ‘
1272 728 1470 790 μᾶλλον
1509 724 1761 792 ᾑρούμην,

545 822 590 873 εἰ
627 820 813 883 νεκρὸν
851 817 1028 876 εἷλκες,
1067 818 1162 866 τοῦ
1202 815 1261 865 δὲ
1301 815 1502 866 ζῶντος
1542 809 1641 872 οὐχ
1679 805 1883 872 ἥπτου.’

621 905 673 972 [6
715 907 887 957 Ζῶντα
927 901 1175 966 βλάπτων
1215 899 1279 960 μὴ
1319 896 1510 960 νεκρόν
1548 913 1609 958 με
1648 889 1946 959 θρηνείτω.]

547 1191 701 1254 Ἀνὴρ
741 1188 1014 1251 Ἀθηναῖός
1053 1203 1127 1237 τις
1166 1185 1319 1248 ἀνδρὶ
1358 1184 1570 1252 Θηβαίῳ

545 1278 732 1328 κοινῶς
771 1274 995 1334 ὁδεύων,
1035 1272 1207 1334 ὥςπερ
1247 1269 1402 1330 εἰκός,
1443 1269 1632 1333 ὡμίλει.

550 1362 687 1426 ῥέων
725 1359 772 1412 6²
812 1360 842 1411 6
882 1363 1045 1423 μῦθος
1085 1356 1211 1420 ἦλθε
1250 1356 1424 1419 μέχρις
1463 1355 1686 1418 ἡρώων·

546 1448 713 1511 μακρὴ
754 1447 846 1508 μὲν
887 1443 1057 1495 ἄλλως
1098 1442 1237 1506 ῥῆςις
1277 1439 1392 1493 οὐδ’
1430 1439 1708 1502 ἀναγκαίη·

550 1534 698 1584 τέλος
737 1530 782 1583 6²
821 1530 851 1582 6
893 1531 986 1592 μὲν
1026 1529 1255 1591 Θηβαῖος
1293 1526 1411 1578 υἱὸν
1448 1524 1734 1588 Ἀλκμήνης

549 1618 784 1681 μέγιςτον
823 1615 1035 1677 ἀνδρῶν
1075 1612 1206 1664 ὄντα
1243 1613 1326 1663 καὶ
1366 1614 1504 1662 θεῶν
1542 1600 1712 1673 ὕμνει·

551 1703 581 1754 6
622 1702 667 1754 δ’
705 1703 757 1755 ἐξ
794 1699 1029 1762 Ἀθηνῶν
1068 1698 1259 1759 ἔλεγεν,
1299 1697 1370 1749 ῶς
1409 1697 1544 1748 πολὺ
1584 1695 1829 1758 κρείςςων

550 1788 744 1850 Θηςεὺς
781 1787 988 1847 γένοιτο
1028 1784 1111 1834 καὶ
1150 1783 1307 1846 τύχης
1347 1782 1377 1833 6
1418 1784 1511 1845 μὲν
1552 1781 1692 1843 θείης

550 1872 720 1924 ὄντως
759 1872 1019 1933 λέλογχεν,
1060 1868 1318 1931 Ἡρακλῆς
1357 1869 1416 1920 δὲ
1456 1866 1708 1928 δουλείης.

548 1959 716 2018 λέγων
756 1956 802 2008 6'
843 1956 1010 2007 ἐνίκα·
1052 1954 1320 2017 ςτωμύλος
1357 1953 1458 2016 γὰρ
1498 1951 1562 2015 ἦν
1601 1950 1796 2015 ῥήτωρ.

552 2043 581 2094 6
622 2042 667 2093 δ’
709 2041 865 2093 ἄλλος
903 2040 975 2092 ῶς
1015 2040 1250 2091 Βοιωτὸς
1289 2038 1386 2090 οὐκ
1423 2038 1564 2100 ἔχων
1602 2036 1714 2099 >ίςην

550 2128 725 2189 λόγοις
765 2125 980 2190 ἅμιλλαν
1018 2124 1163 2176 εἶπεν
1202 2123 1353 2191 ἀγρίῃ
1393 2124 1581 2190 μούςῃ·

550 2213 835 2265 ςττέπαυςο·
875 2215 1034 2279 νικᾷς.
1075 2212 1358 2272 τοιγαροῦν
1397 2208 1656 2272 χολωθείη

552 2299 746 2361 Θηςεὺς
786 2299 879 2360 μὲν
915 2296 1050 2360 ἡμῖν,
1089 2295 1346 2358 Ἡρακλῆς
1385 2293 1430 2346 6’
1470 2291 1798 2355 Ἀθηναίοις.’

382 2398 497 2451 Ὅτι
535 2399 599 2449 οὐ
639 2399 718 2448 δεῖ
753 2397 878 2446 τοὺς
916 2398 1216 2458 μεγιςτᾶνας
1254 2396 1408 2445 κινεῖν
1449 2393 1520 2444 εἰς
1558 2391 1723 2456 ὀργὴν
1749 2391 1881 2443 κατὰ
1907 2394 2015 2444 τῶν
2040 2390 2258 2445 ὑπεξου-

220 2486 357 2538 ςίων.
401 2483 472 2536 εἰς
510 2482 876 2547 ματαιολογίας
915 2482 997 2532 καὶ
1037 2479 1227 2543 ἔριδας.
1630 2466 1633 2468 ’
2330 2463 2332 2466 ⁴

551 2752 827 2814 Ἄγροικος
865 2751 1103 2814 ἠπείληςε
1142 2751 1310 2818 νηπίῳ
1349 2751 1493 2812 τίτθη

554 2835 804 2886 κλαίοντι·
846 2834 1074 2896 ςπαῦςαι,
1113 2836 1179 2898 μή
1221 2853 1272 2886 ςε
1310 2841 1386 2903 τῶ
1426 2836 1566 2902 λύκῳ
1607 2835 1782 2899 ῥίψω.)

558 2920 587 2971 6
626 2921 781 2971 λύκος
821 2919 866 2971 6'
906 2921 1129 2971 ἀκούςας
1167 2922 1262 2983 τήν
1300 2938 1355 2972 τε
1392 2925 1558 2984 γραῦν
1599 2920 1872 2983 ἀληθεύειν

557 3006 768 3068 νομίςας
807 3006 1004 3068 ἔμεινεν
1043 3006 1114 3056 ῶς
1154 3006 1333 3068 ἕτοιμα
1372 3007 1680 3068 δειπνήςων,

556 3090 657 3141 ἕως
696 3089 725 3140 6
765 3093 884 3141 παῖς
923 3091 1017 3152 μὲν
1058 3090 1274 3153 ἑςπέρης
1313 3091 1575 3153 ἐκοιμήθη,
2107 3114 2110 3116 ’
2235 3105 2260 3143 5

555 3175 715 3226 αὐτὸς
754 3177 813 3226 δὲ
851 3178 1042 3226 πεινῶν
1082 3177 1163 3226 καὶ
1202 3176 1356 3226 λύκος
1394 3178 1569 3238 χανὼν
1609 3176 1778 3228 ὄντως

558 3260 760 3322 ἀπῆλθε
798 3263 1029 3322 νωθραῖς
1069 3260 1261 3311 ἐλπίςιν
1300 3262 1671 3324 παρεδρεύςας.

559 3346 773 3397 λύκαινα
813 3344 857 3395 δ’
899 3344 1061 3394 αὐτὸν
1102 3345 1131 3406 ἡ
1173 3346 1408 3396 ςύνοικος
1447 3347 1653 3409 ἠρώτα·

388 3556 446 3600 14
475 3557 509 3600 Α
543 3556 610 3600 18
652 3556 897 3608 (ἐκτόπωε)
932 3557 1028 3598 813
1069 3577 1126 3586 -
1178 3560 1198 3596 1
1242 3556 1381 3611 ἄρκος
1418 3557 1448 3603 8
1477 3557 1527 3610 Β]
1572 3559 1743 3613 ἄρκτος
1780 3560 1815 3604 Α
1854 3559 2053 3601 nonnulli
2090 3559 2192 3600 libri
2227 3557 2259 3604 S

222 3616 247 3653 2
282 3613 485 3667 ἔφαςκεν
516 3613 549 3656 Α
640 3612 957 3668 [5]Ἐι)ρῑ1ιειι-ιι

389 3684 444 3727 15
466 3683 499 3726 Α
533 3684 631 3726 ΒΙΟ
653 3703 711 3711 -
743 3686 767 3724 6
799 3683 916 3725 ὄντα
950 3682 1001 3736 G]
1036 3685 1122 3725 νῦν
1147 3683 1195 3725 δὲ
1228 3685 1261 3727 Α
1294 3684 1375 3726 ςὺν
1398 3685 1447 3727 δὲ
1480 3687 1676 3728 Herc-her
1750 3689 1874 3730 θεῶν
1903 3683 2065 3738 Minas]
2098 3684 2264 3730 θεὸνΑ

396 3753 448 3796 16
481 3754 513 3796 Α
547 3754 613 3796 81
647 3773 704 3782 -
736 3756 758 3794 7
793 3752 936 3796 ἑλπίςι
967 3754 1000 3797 Α
