2332 4134
1062 272 1419 324 -32-

561 418 630 486 [τί
670 418 766 471 οὖν
806 417 836 469 ὁ
875 416 1039 480 μῦθός
1077 431 1231 480 φηςιν
1270 414 1327 465 ἐν
1365 412 1609 475 διηγήςει;

558 507 720 568 πειρῶ
759 520 805 553 τι
844 504 1028 562 ποιεῖν,
1067 501 1162 552 τὸν
1201 498 1409 563 φθόνον
1449 498 1509 549 δὲ
1547 497 1626 548 δεῖ
1662 493 1865 557 κρίνειν.

560 588 781 653 ἀρεςτὸν
821 587 999 638 ἁπλῶς
1038 586 1195 638 οὐδέν
1234 585 1335 636 ἐςτι
1373 586 1449 650 τῷ
1486 579 1684 649 μώμῳ]

564 830 759 893 Ζωμοῦ
798 828 960 896 χύτρῃ
1005 830 1101 891 μῦς
1139 827 1376 890 ἐμπεςὼν
1414 822 1714 890 ἀπωμάςτῳ

564 916 648 967 καὶ
685 919 760 982 τῷ
801 914 934 966 λίπει
971 913 1283 976 πνιγόμενος
1322 911 1558 963 ἐκπνέων
1595 907 1639 959 τ’
1676 908 1776 972 ἤδη

560 998 833 1064 “βέβρωκα’
872 999 995 1063 φηςί
1034 997 1134 1050 ςκαὶ
1171 998 1394 1049 πέπωκα
1431 997 1515 1047 καὶ
1552 994 1718 1056 πάςης

561 1087 765 1149 τρυφῆς
802 1085 1113 1147 πέπληςμαι·
1152 1081 1334 1145 καιρός
1373 1080 1474 1133 ἐςτί
1513 1097 1598 1144 μοι
1637 1076 1906 1143 θνήςκειν.’

632 1168 761 1239 [τότ’
785 1169 868 1230 4ὂιν
907 1169 1080 1232 λίχνος
1117 1169 1291 1230 γένοιο
1331 1170 1427 1231 μῦς
1466 1167 1522 1218 ἐν
1561 1165 1877 1229 ἀνθρώποις,
2248 1175 2272 1213 5
2325 1219 2328 1224 ,

562 1255 626 1307 ἂν
664 1256 739 1317 τὸ,
766 1255 1138 1319 καταβλάπτον
1174 1253 1275 1317 ἡδὺ
1314 1254 1381 1317 μὴ
1421 1249 1750 1319 παραιτήςῃ.]

390 1356 506 1409 Ὅτι
544 1357 607 1408 τὰ
649 1354 976 1420 ἐπερχόμενα
1015 1354 1145 1405 κατὰ
1185 1352 1418 1415 ἀνάγκην
1458 1352 1590 1403 κακὰ
1621 1350 1830 1403 εἰώθαςί
1858 1366 1990 1404 τινες
2017 1348 2276 1403 τοιούτοις

225 1443 401 1506 λόγοις
441 1442 775 1507 ἐξομαλίζειν.

1212 1553 1283 1608 61

562 1655 694 1706 ’Ήιει
733 1655 957 1717 κυνηγὸς
996 1654 1049 1707 ἐξ
1089 1653 1251 1717 ὄρους
1290 1654 1594 1715 κυνηγήςας,

560 1739 638 1806 ᾔει
679 1740 738 1791 δὲ
782 1740 995 1803 γριπεὺς
1033 1739 1227 1802 κύρτον
1267 1739 1463 1801 ἰχθύων
1502 1738 1711 1799 πλήςας.

561 1825 644 1876 καί
682 1841 795 1876 πως
837 1823 1190 1888 ςυνηβόληςαν
1228 1824 1277 1875 οἱ
1317 1823 1396 1876 δύ’
1436 1822 1678 1885 ἀλλήλοις

564 1910 640 1972 χω
679 1911 773 1972 μὲν
812 1909 1036 1972 κυνηγὸς
1075 1909 1270 1972 ἰχθύων
1311 1908 1607 1969 ἁλιπλώων,

566 1996 731 2058 θήρην
770 1993 815 2046 δ’
856 1994 886 2046 ὁ
925 1995 1136 2058 γριπεὺς
1175 1994 1408 2061 ᾐρέτιζεν
1447 1993 1675 2058 ἀγρείην,
2252 2005 2277 2042 5

566 2079 631 2130 τά
669 2079 711 2130 τ’
753 2078 898 2142 εἶχον
938 2078 1258 2131 ἀντέδωκαν.
1299 2077 1412 2130 εἶτα
1449 2081 1544 2143 τὴν
1583 2079 1747 2143 θήρην
2326 2068 2332 2104 ³

568 2166 780 2229 ἤμειβον
819 2164 915 2226 ἀεί,
956 2167 1139 2216 δεῖπνα
1179 2163 1225 2216 δ’
1265 2163 1410 2227 εἶχον
1446 2164 1597 2228 ἡδίω,

566 2251 668 2302 ἕως
705 2267 780 2302 τις
820 2251 998 2302 αὐτοῖς
1036 2248 1205 2302 εἶπεν·
1243 2242 1396 2302 (ἀλλὰ
1435 2250 1518 2302 καὶ
1556 2250 1764 2302 τούτων

564 2337 625 2387 τὸ
665 2337 889 2399 χρηςτόν
930 2336 1151 2389 ἐξολεῖτέ
1190 2339 1251 2402 τῇ
1294 2335 1548 2404 ςυνηθείῃ,

565 2423 718 2474 πάλιν
758 2421 803 2474 δ’
844 2422 1055 2473 ἕκαςτος
1094 2421 1127 2471 ἃ
1167 2422 1289 2484 πρὶν
1330 2420 1435 2485 εἶχε
1477 2420 1711 2484 ζητήςειῖ
2226 2432 2278 2468 10

393 2521 510 2572 Ὅτι
549 2525 648 2573 πᾶς
688 2521 999 2586 δυςάρεςτος
1036 2524 1130 2572 τοῦ
1172 2521 1442 2584 παρόντος
1479 2521 1636 2584 ἡδέος
1676 2521 1860 2584 μικρόν
1897 2537 1942 2571 τι
1980 2519 2278 2572 ἀπολαύςας

227 2605 380 2658 εὐθὺς
420 2607 512 2669 τὴν
552 2608 824 2671 ἐπιθυμίαν
863 2605 949 2672 ἐφ’
988 2605 1170 2669 ἕτερον
1207 2608 1398 2669 τρέπει.

568 2848 811 2911 Ἣμίονος
851 2848 1013 2911 ἀργὸς
1051 2849 1197 2911 χιλὸν
1237 2848 1425 2899 ἐςθίων
1463 2847 1665 2912 φάτνης

565 2935 648 2985 καὶ
689 2934 951 2997 κριθιάςας
991 2934 1243 2996 ἐτρόχαζε
1279 2933 1513 3000 κάφώνει

568 3019 787 3070 τένοντα
826 3019 1001 3070 ςείων·
1038 3012 1226 3070 (ἵππος
1264 3019 1366 3070 ἐςτί
1406 3036 1491 3083 μοι
1527 3008 1709 3083 μήτηρ,

230 3203 403 3230 versum
436 3190 692 3229 restituebat
725 3194 765 3228 et
796 3189 1101 3229 Laehmannus
1143 3188 1226 3242 (ὡς
1262 3188 1348 3230 τὸν
1380 3189 1593 3242 πονηρὸν
1624 3187 1798 3240 γείτον’
1829 3189 1889 3241 ἦν
1921 3190 1979 3232 ἂν
2011 3186 2278 3241 ἐκφεύγειν)

232 3252 273 3286 et
294 3247 568 3299 Hartungius
601 3245 703 3295 (κᾶν
726 3245 753 3299 ῇ
777 3245 1000 3300 πονηρός,
1034 3243 1205 3297 γείτον’
1237 3247 1454 3299 εὐμαρῶς
1486 3247 1712 3298 φεύγειν).
1748 3246 1774 3289 Ρ
1794 3245 1953 3300 CAug.
1982 3245 2171 3286 addunt:
2203 3243 2279 3285 καὶ

232 3304 256 3345 ὁ
280 3302 399 3345 Ζεὺς
432 3301 761 3354 ἀγανακτήςας
793 3302 894 3343 κατ’
917 3302 1065 3344 αὐτοῦ
1098 3302 1171 3344 ἐπὶ
1197 3306 1255 3356 τῇ
1283 3300 1506 3358 βαςκανίᾳ
1537 3305 1623 3345 τοῦ
1648 3303 1883 3354 Ὀλύμπου
1907 3302 2056 3345 αὐτὸν
2077 3300 2278 3353 ἐξέβαλε,

231 3373 342 3412 quae
373 3360 429 3399 ad
460 3374 503 3400 v.
528 3361 553 3399 6
584 3359 812 3399 referenda.
842 3373 938 3399 esse
968 3360 1078 3399 vidit
1106 3360 1390 3400 Eberhardus
1514 3358 1730 3413 [17—19]
1765 3360 1992 3402 Eberhard
2110 3359 2162 3398 18
2193 3356 2278 3398 τὸν

232 3416 413 3469 φθόνον
447 3416 496 3458 δὲ
530 3416 599 3457 δεῖ
634 3414 683 3468 G]
717 3416 802 3457 τὸν
835 3415 1017 3467 φθόνον
1052 3416 1110 3467 μὴ
1145 3415 1179 3458 Α
1210 3416 1265 3457 οὐ
1298 3417 1480 3468 φθόνον
1513 3417 1564 3459 δὲ
1597 3418 1666 3459 δεῖ
1699 3417 1928 3458 Eberhard

404 3473 466 3515 60
489 3472 523 3515 Α
540 3492 597 3500 -
622 3477 640 3511 1
667 3475 809 3526 ζωμῷ
833 3473 867 3515 Α
927 3473 1075 3527 χύτρᾳ
1099 3472 1132 3516 Α
1205 3476 1232 3512 4
1252 3477 1440 3527 τρυφῆς
1465 3472 1510 3526 L]
1535 3475 1719 3528 τροφῆς
1739 3473 1774 3516 Α
1843 3472 2019 3528 [5-5]Ι.
2092 3473 2118 3512 6
2141 3469 2224 3512 ἑὰν
2246 3468 2281 3512 Α

372 3584 380 3587 -
404 3530 456 3572 61
479 3529 513 3572 Α
542 3550 599 3559 -
630 3533 654 3569 5
674 3529 885 3583 ᾐρέτιζεν
908 3531 1116 3570 Duebner
1139 3528 1181 3583 1.]
1215 3529 1428 3583 ἠρέθιζεν
1451 3530 1485 3574 Α
1575 3534 1599 3571 5
1621 3530 1773 3583 θήραν
1796 3531 1831 3574 Α
1905 3527 2100 3584 ἀγρείην
2131 3527 2280 3568 Dueb·

232 3599 308 3626 ner
341 3585 388 3653 [7]
420 3585 589 3696 ῗῖρίην
622 3587 656 3630 Α
705 3642 739 3686 Α
782 3589 812 3626 Α9
845 3586 1047 3629 ἐξολεῖτέ
1079 3586 1300 3641 Duebner]
1336 3586 1562 3630 ἐξολεῖται
1594 3588 1629 3631 Α
1747 3585 1968 3641 ςυνηθείᾳ
1999 3586 2034 3629 Α
2151 3585 2278 3637 epim-

234 3655 309 3694 μικ
342 3655 395 3683 ον
512 3656 585 3693 μικ
618 3656 672 3684 ου

310 3656 336 3696 p
403 3699 464 3742 62
495 3699 530 3742 Α
562 3657 657 3743 394ss
678 3716 735 3735 =
758 3698 911 3743 c1404
943 3698 1035 3741 1³83
1056 3714 1112 3734 =
1133 3697 1162 3743 c
1188 3714 1228 3752 p.
1251 3702 1333 3740 338
1367 3700 1588 3744 cmm-4
1615 3721 1673 3731 —
1710 3705 1731 3742 1
1767 3700 1913 3755 ἀργὸς
1944 3697 2041 3752 Fix]
2073 3697 2225 3752 ἀργῆς
2245 3694 2282 3740 Α

234 3759 259 3797 2
290 3755 560 3809 κριθιήςαςὶ)
588 3757 814 3798 Eberhard
903 3756 979 3798 καὶ
1010 3755 1161 3805 φώνει
1190 3755 1226 3800 Α
