2332 4134
408 537 498 590 Ἐν
537 534 652 605 ὁδῷ
693 553 767 587 τις
806 533 998 599 Ἑρμῆς
1037 535 1373 598 τετράγωνος
1412 533 1644 597 είςτήκει,

409 623 572 675 λίθων
612 621 658 675 δ’
696 620 783 674 ὑπ’
823 620 969 688 αὐτῷ
1010 620 1183 685 ςωρός
1220 618 1300 684 ἦν.
1377 620 1522 672 κύων
1559 620 1732 686 τούτῳ

406 707 553 762 εἶπεν
590 707 926 773 προςελθών*
960 700 1127 771 (χαῖρε
1164 708 1406 770 πρῶτον,
1446 704 1685 769 Ἑρμεία·

403 792 563 848 ἔπειτ’
602 793 813 858 ἀλεῖψαι
853 793 1108 858 βούλομαί
1146 809 1199 844 ςε
1237 790 1356 855 μηδ’
1394 791 1537 843 οὕτω

403 879 531 934 θεὸν
568 882 849 944 παρελθεῖν
887 879 970 931 καί
1010 879 1138 931 Θεὸν
1177 876 1578 942 παλαιςτρίτην.’
2100 894 2124 929 3

408 966 439 1019 ὁ
480 965 527 1019 δ’
565 964 736 1019 εἶπεν·
777 965 868 1029 ςἣν
907 982 994 1029 μοι
1032 965 1192 1016 τοῦτο
1232 965 1299 1027 μὴ
1339 963 1654 1031 ’πιλιχμήςῃς

400 1052 650 1105 τοῦλαιον
690 1052 860 1104 ἐλθὼν
898 1050 1027 1114 μηδέ
1065 1067 1153 1114 μοι
1190 1049 1570 1117 προςουρήςῃς,

397 1138 548 1202 χάριν
589 1137 789 1202 εἴςομαί
828 1150 930 1188 ςοι·
970 1136 1054 1188 καὶ
1092 1136 1255 1188 πλέον
1294 1151 1357 1199 με
1394 1136 1460 1199 μὴ
1500 1134 1652 1198 τίμα.’

230 1239 347 1292 Ὅτι
382 1240 493 1291 τοῖς
531 1240 709 1290 κακοῖς
747 1237 909 1301 ἀρκεῖ,
955 1235 1027 1288 ὡς
1066 1235 1130 1288 οὐ
1172 1238 1519 1299 καλοπρεπῶς
1559 1235 1869 1299 δυναμένοις
1909 1237 1972 1287 τὰ
2014 1241 2124 1300 βελ-

59 1326 155 1380 τίω
194 1327 394 1390 δρᾶςαι,
431 1323 528 1376 κᾶν
566 1325 674 1375 τῶν
712 1323 955 1386 ςυνήθων
994 1323 1171 1374 αὐτῶν
1211 1321 1392 1374 αἰτιῶν
1432 1321 1665 1386 ἀργῆςαι.

399 1581 683 1634 Ἐκάθευδε
721 1582 929 1645 νύκτωρ
972 1581 1194 1645 ἐργάτης
1232 1580 1319 1632 ὑπ’
1358 1581 1570 1644 ἀγνοίης

400 1669 635 1732 φρέατος
675 1667 841 1729 ἐγγύς.
909 1669 1002 1731 τῆς
1038 1667 1210 1730 Τύχης
1248 1666 1294 1719 δ’
1336 1666 1606 1730 ἐπιςτάςης

398 1753 538 1806 ἔδοξ’
579 1751 816 1805 ἀκούειν·
862 1747 1067 1814 (οὗτος,
1106 1752 1203 1804 οὐκ
1242 1753 1520 1820 ἐγερθήςῃ;

399 1841 466 1905 μή
507 1856 600 1892 ςου
639 1839 894 1891 πεςόντος
934 1838 1067 1902 αἰτίη
1107 1837 1231 1903 παρ’
1270 1838 1573 1902 ἀνθρώποις

397 1928 502 1990 ἐγὼ
542 1927 771 1991 λέγωμαι
808 1927 893 1978 καὶ
932 1927 1096 1989 κακὴν
1135 1925 1280 1990 λάβω
1321 1926 1514 1990 φήμην.
2095 1942 2118 1976 .3

398 2013 515 2078 ἐμοὶ
550 2013 651 2077 γὰρ
692 2012 964 2073 ἐγκαλοῦςι
1002 2010 1177 2063 πάντα
1214 2011 1521 2075 ςυλλήβδην,

396 2097 472 2150 ὅς’
513 2097 579 2150 ἂν
616 2096 740 2161 παρ’
779 2096 944 2148 αὑτοῦ
986 2099 1210 2163 δυςτυχῇ
1251 2113 1326 2148 τις
1364 2097 1396 2161 ἢ
1437 2087 1632 2164 πίπτῃ.’

222 2200 475 2263 Ἔλεγχος
512 2202 620 2251 τῶν
657 2198 971 2262 εἱμαρμένην
1011 2197 1353 2253 δοξαζόντων
1391 2198 1476 2250 καὶ
1511 2196 1714 2267 ἀνάγκῃ
1750 2200 1815 2250 τὰ
1847 2203 1938 2262 τῆς
1972 2199 2120 2263 ἡμῶν

57 2285 288 2339 ἑξουςίας
332 2285 750 2350 ὑποβαλλόντων
789 2285 873 2336 καὶ
911 2285 978 2347 μὴ
1017 2288 1094 2351 τῷ
1134 2283 1451 2351 αὐτεξουςίῳ
1492 2283 1564 2337 εἰς
1604 2285 1728 2337 δέον
1769 2286 2117 2349 κεχρημένων.

395 2542 615 2608 ”Εφευγ’
655 2542 897 2605 ἀλώπηξ,
938 2545 1029 2605 τῆς
1068 2541 1114 2594 δ’
1155 2541 1335 2595 ὄπιςθε
1374 2544 1672 2608 φευγούςης

395 2630 621 2693 κυνηγὸς
662 2628 964 2693 ἐτρόχαζεν.
1023 2629 1054 2691 ἡ
1096 2627 1143 2680 δ’
1183 2629 1472 2692 ἐκεκμήκει,

393 2716 661 2780 δρυτόμον
701 2714 747 2767 δ’
787 2715 970 2767 ἰδοῦςα
1003 2709 1159 2778 (πρὸς
1199 2718 1338 2767 θεῶν
1378 2732 1429 2768 ςε
1470 2717 1742 2780 ςωτήρων,

394 2801 603 2865 κρύψον
642 2818 703 2865 με
741 2801 954 2852 ταύταις
993 2799 1074 2852 αἷς
1112 2800 1314 2865 ἕκοψας
1354 2802 1616 2865 αἰγείροις,

391 2889 475 2939 καὶ
513 2892 588 2956 τῷ
627 2882 855 2956 κυνηγῷ’
894 2888 1018 2952 φηςί
1059 2879 1144 2952 (μή
1185 2906 1247 2952 με
1286 2884 1543 2956 μηνύςῃς,’
2092 2904 2115 2941 .3

396 2973 427 3025 ὁ
468 2973 514 3024 δ’
554 2973 617 3025 οὐ
657 2974 952 3037 προδώςειν
991 2974 1163 3037 ὤμνυ·
1201 2973 1232 3037 ἡ
1273 2973 1320 3026 δ’
1359 2973 1691 3039 ἀπεκρύφθη.

303 3081 309 3087 ·
391 3057 549 3122 ἦλθεν
589 3059 813 3122 κυνηγὸς
853 3060 936 3111 καὶ
975 3060 1070 3111 τὸν
1111 3059 1260 3124 ἄνδρ’
1301 3061 1548 3123 ἐπηρώτα

393 3145 460 3208 μὴ
500 3143 614 3210 τῇδ’
653 3143 869 3207 ἀλώπηξ
909 3146 1264 3197 καταδέδυκεν
1301 3146 1332 3208 ἢ
1374 3147 1570 3210 φεύγει.

395 3229 513 3294 ,οὐκ
550 3226 715 3289 εἶδον(
755 3227 894 3291 εἶπε,
933 3235 1008 3298 τῷ
1048 3231 1107 3282 δὲ
1147 3231 1388 3298 δακτύλῳ
1428 3232 1600 3283 νεύων

391 3315 488 3366 τὸν
525 3314 695 3366 τόπον
735 3315 954 3367 ἐδείκνυ’
994 3315 1058 3367 οὗ
1100 3319 1404 3380 πανοῦργος
1444 3318 1698 3382 ἐκρύφθη.
2063 3332 2114 3368 1ο

61 3431 183 3438 .——..—

216 3483 286 3528 48
314 3485 349 3529 A
378 3504 437 3516 —
466 3488 492 3527 3
525 3485 624 3528 εἶπε
646 3485 682 3529 Α
770 3489 795 3526 6
818 3487 876 3528 ἂν
900 3487 936 3531 Α
1016 3499 1091 3538 μοι
1117 3486 1215 3541 Fix]
1250 3488 1311 3540 μὴ
1336 3487 1371 3531 Α
1452 3490 1580 3542 epim.
1614 3487 1759 3542 ἀρκεῖ,
1794 3488 1859 3530 ὡς
1892 3489 1947 3530 οὐ
1982 3490 2114 3530 καλο-

58 3544 250 3596 πρεπῶς
278 3540 332 3595 Β]
364 3541 496 3596 ἀρκεῖ
526 3542 651 3584 τέως
682 3542 738 3585 οὐ
771 3545 927 3586 καλῶς
957 3546 1060 3586 πῶς
1090 3544 1125 3588 Α
1157 3543 1290 3598 ἀρκεῖ
1321 3544 1446 3587 τέως
1477 3545 1563 3587 οὐκ
1595 3545 1749 3588 ἄλλως
1781 3558 1884 3588 πως
1914 3547 2055 3587 Boiss.

219 3598 284 3643 49
305 3599 341 3643 A
368 3600 468 3643 833
492 3598 586 3644 [³62
604 3616 656 3636 -ε
677 3599 707 3645 0
729 3615 770 3654 p.
789 3603 871 3641 387
895 3600 1116 3646 132521-2
1139 3607 1180 3642 et
1202 3616 1241 3655 p.
1261 3603 1344 3643 388
1375 3621 1434 3631 -
1467 3606 1485 3642 1
1512 3600 1706 3654 ἀγνοίας
1729 3603 1764 3646 A
1853 3607 1880 3643 4
1901 3601 2056 3645 καίτία
2078 3603 2112 3647 Α

58 3654 81 3694 7
111 3652 256 3710 πίπτῃ
289 3656 365 3707 (cf.
389 3657 421 3701 Β
453 3657 669 3711 promyth.
700 3657 936 3700 κινδύνοις
967 3658 1317 3712 περιπεςόντες)
1344 3656 1396 3711 A]
1431 3658 1575 3713 πταίῃ
1610 3660 1822 3701 Duebner
1849 3661 2053 3701 Meineke²

220 3713 287 3757 50
316 3712 352 3757 A
384 3715 481 3758 841
518 3714 615 3758 1²10
645 3732 699 3752 =
731 3713 762 3758 0
794 3729 835 3769 p.
862 3718 947 3756 329
986 3714 1207 3759 01271-3
1239 3717 1349 3770 Aug.
1383 3718 1436 3756 22
1482 3737 1540 3746 —
1586 3719 1610 3755 3
1644 3716 1877 3771 ςωτήρων
1911 3716 1982 3769 [²⁶]
2027 3730 2112 3759 ςω-

55 3768 176 3822 τῆρα
206 3771 241 3814 Α
344 3773 369 3810 6
401 3771 470 3814 ὅδ’
501 3772 534 3816 Α
624 3772 698 3825 ἥδ’
730 3772 765 3815 Α
855 3773 1002 3824 ὤμνυ*
1035 3772 1063 3815 Ι.
1169 3775 1220 3813 10
1253 3772 1433 3816 ἐδείκνυ
1468 3773 1502 3815 Α
