2332 4134
1075 277 1427 327 ——16—

1210 462 1290 517 23

547 566 835 628 ’Βοηλάτης
877 563 1158 626 ἄνθρωπος
1198 562 1269 613 εἰς
1316 561 1517 624 μακρὴν
1555 559 1680 620 ὕλην

568 653 766 713 ταῦρον
804 649 1053 711 κεράςτην
1094 647 1350 698 ἀπολέςας
1392 645 1641 706 ἀνεζήτει.

567 736 720 798 ἔθηκε
761 733 805 787 δ’
846 734 1010 785 αὐτὸν
1047 735 1158 783 ταῖς
1198 731 1493 795 ὀρεινόμοις
1531 730 1773 793 νύμφαις,

571 819 730 886 Ἑρμῇ
769 818 987 886 νομαίῳ,
1025 817 1179 878 Πανί,
1219 819 1328 867 τοῖς
1366 817 1511 878 πέριξ
1553 813 1719 877 ἄρδην

567 906 745 969 λοιβὴν
784 906 1082 967 παραςχεῑν,
1126 903 1168 954 εἰ
1209 902 1356 966 λάβοι
1394 918 1451 962 γε
1490 901 1584 952 τὸν
1624 901 1861 961 κλέπτην.
2250 909 2274 946 5

570 990 734 1054 ὄχθον
773 988 819 1041 δ’
858 989 1087 1052 ὑπερβὰς
1125 989 1220 1039 τὸν
1261 987 1423 1039 καλὸν
1463 987 1635 1050 βλέπει
1676 988 1876 1048 ταῦρον

567 1078 735 1129 λέοντι
775 1076 981 1138 θοίνην·
1024 1075 1277 1137 δυςτυχὴς
1317 1072 1363 1124 δ’
1402 1074 1655 1135 ἐπαρᾶται

569 1162 652 1212 καὶ
692 1164 819 1224 βοῦν
859 1159 1149 1223 προςάξειν,
1191 1159 1235 1210 εἰ
1276 1159 1435 1222 φύγοι
1472 1175 1530 1219 γε
1569 1157 1664 1208 τὸν
1702 1156 1951 1218 κλέπτην.“

636 1244 901 1313 [ἐντεῦθεν
939 1245 1072 1307 ἡμᾶς
1110 1243 1252 1295 τοῦτ’
1291 1243 1428 1295 ἔοικε
1466 1243 1744 1304 γινώςκειν,

569 1330 799 1395 ἄβουλον
838 1331 995 1393 εὐχὴν
1032 1332 1141 1381 τοῖς
1180 1331 1337 1381 θεοῖςι
1376 1330 1443 1392 μὴ
1483 1329 1714 1391 πέμπειν,
2222 1336 2274 1375 10

569 1417 624 1467 ἐκ
661 1419 752 1479 τῆς
790 1416 925 1479 πρὸς
964 1415 1109 1478 ὥραν
1147 1415 1212 1478 μὴ
1254 1414 1590 1479 φορουμένης
1628 1410 1830 1480 λύπης.]

567 1674 722 1736 Γάμοι
760 1674 853 1735 μὲν
891 1671 1019 1735 ῆςαν
1058 1671 1236 1722 Ἡλίου
1278 1672 1466 1734 θέρους
1505 1670 1634 1738 ὥρῃ,

566 1760 629 1810 τὰ
669 1763 780 1827 Ζῷα
819 1757 865 1810 δ>
901 1758 1116 1821 ἱλαροὺς
1154 1756 1246 1820 ἦγε
1284 1762 1360 1825 τῷ
1402 1761 1508 1824 θεῷ
1549 1757 1774 1817 κώμους.

565 1845 646 1895 καὶ
687 1844 937 1908 βάτραχοι
978 1845 1037 1895 δὲ
1076 1842 1326 1905 λιμνάδας
1364 1842 1559 1905 χοροὺς
1597 1839 1751 1903 ἦγον·

564 1928 725 1990 ςοὐκ’,
766 1928 878 1981 εἶπε
917 1929 1136 1981 κλαύςας
1178 1931 1398 1991 φρῦνος,
1445 1925 1584 1977 <άντὶ
1624 1926 1865 1977 παιάνων

565 2014 708 2067 τοῦτ’
747 2015 881 2066 ἐςτὶν
920 2015 1055 2077 ἡμῖν,
1095 2013 1403 2078 φροντίδων
1442 2014 1501 2063 δὲ
1540 2012 1623 2062 καὶ
1661 2012 1854 2074 λύπης·
2251 2024 2277 2063 5

565 2100 623 2151 ὃς
660 2100 760 2163 γὰρ
803 2100 967 2163 μόνος
1005 2102 1100 2150 νῦν
1139 2098 1327 2162 λιβάδα
1363 2100 1532 2148 πᾶςαν
1571 2096 1786 2157 αὐαίνει,

561 2186 607 2236 τί
648 2187 712 2248 μὴ
754 2185 817 2236 οὐ
858 2185 1110 2247 πάθωμεν
1148 2186 1254 2234 τῶν
1293 2186 1482 2244 κακῶν,
1522 2183 1613 2233 ἐὰν
1651 2182 1819 2244 γήμας

565 2269 749 2332 ὅμοιον
791 2270 933 2338 αὐτῷ
971 2269 1181 2320 παιδίον
1219 2285 1264 2318 τι
1302 2266 1574 2335 γεννήςῃ;’

638 2354 892 2422 [χαίρουςι
931 2355 1117 2406 πολλοὶ
1156 2357 1263 2404 τῶν
1303 2354 1565 2419 ὑπερβολῇ
1607 2353 1829 2416 κούφων

565 2439 649 2505 ἐφ’
688 2439 764 2492 οἷς
807 2439 937 2501 ἄγαν
976 2442 1243 2503 μέλλουςιν
1285 2439 1400 2501 οὐχὶ
1440 2436 1737 2504 χαιρήςειν.]
2222 2450 2274 2489 10

1205 2598 1284 2652 25

562 2697 738 2759 Γνώμη
779 2698 1019 2757 λαγωοὺς
1058 2695 1162 2760 εἶχε
1203 2699 1375 2761 μηκέτι
1416 2698 1584 2759 Ζώειν,

563 2782 761 2832 πάντας
801 2783 860 2833 δὲ
899 2782 1073 2845 λίμνης
1118 2783 1189 2834 εἰς
1227 2784 1387 2846 μέλαν
1425 2785 1595 2834 πεςεῑν
1633 2781 1799 2845 ὕδωρ,

562 2866 800 2918 ὁθούνεκ’
840 2867 961 2918 εἰςὶν
1001 2867 1376 2932 ἀδρανέςτατοι
1417 2869 1589 2935 ζῴων,

562 2952 735 3015 ψυχὰς
776 2950 1007 3015 ἄτολμοι,
1046 2957 1244 3016 μοῦνον
1283 2953 1481 3005 εἰδότες
1522 2953 1747 3017 φεύγειν.

565 3037 675 3088 ἐπεὶ
715 3038 774 3088 δὲ
813 3037 989 3100 λίμνης
1030 3039 1179 3099 ἐγγὺς
1217 3038 1346 3101 ἦςαν
1385 3038 1586 3101 εὐρείης
2244 3052 2270 3090 5

389 3221 450 3264 23
482 3221 514 3263 Α
548 3221 644 3263 Β16
676 3241 733 3250 -
772 3224 792 3260 1
828 3221 1008 3276 μακρὰν
1030 3222 1063 3265 Α
1151 3226 1176 3263 3
1210 3223 1357 3265 αὐτὸν
1391 3223 1440 3276 G]
1476 3224 1620 3277 εὐχὴν
1653 3226 1686 3268 Α
1719 3224 1887 3269 εὔξατο
1920 3225 1972 3269 δὲ
2002 3227 2073 3280 τῷ
2105 3225 2158 3268 θε
2235 3224 2268 3268 Β

217 3280 246 3318 4
277 3276 427 3331 ἄρδην
450 3275 500 3329 G]
535 3277 655 3331 ἄρνα
677 3276 710 3319 Α
801 3281 824 3318 5
846 3278 979 3330 λάβοι
999 3292 1051 3330 γε
1074 3278 1300 3333 Duebner]
1335 3280 1526 3333 λάβοιτο
1547 3281 1581 3324 Α
1671 3285 1696 3324 8
1726 3283 1803 3324 καὶ
1827 3284 1941 3335 βοῦν
1963 3282 1996 3326 Β
2027 3283 2075 3336 (i.
2099 3295 2136 3324 e.
2157 3279 2170 3296 ‘
2195 3292 2269 3324 τε·

218 3346 304 3388 ρον
338 3331 502 3386 βοῦν’)]
537 3335 648 3386 βοῦς
680 3334 712 3376 Α
806 3334 983 3389 [9-11]
1016 3338 1245 3389 Duebner3
1267 3352 1324 3372 =
1345 3337 1378 3380 Β
1400 3338 1612 3391 promyth.
1706 3341 1755 3379 11
1785 3339 1846 3393 μή
1878 3336 2184 3394 φορουμένη(
2212 3335 2264 3392 G]

217 3389 573 3444 ἑκφορουμένης
604 3392 636 3434 Α
669 3391 740 3443 (cf.
774 3394 812 3442 6,
844 3394 871 3432 4
902 3393 978 3432 ubi
1010 3392 1060 3434 ἐκ
1089 3406 1166 3443 pro
1198 3392 1255 3436 οὐ
1286 3394 1421 3434 habet
1451 3394 1503 3447 Α)
1866 3438 1881 3449 x

367 3461 455 3528 ‚24
485 3462 517 3504 Α
548 3464 675 3502 4-5
711 3462 909 3512 (παιάν),
943 3466 1071 3506 6-8
1103 3463 1318 3517 (αὐήνας)
1350 3464 1380 3509 8
1421 3466 1515 3509 321
1562 3488 1620 3496 —
1665 3471 1690 3508 3
1730 3467 1957 3520 λιμνάδας
1986 3463 2262 3519 Lachmann]

219 3519 461 3571 λιμναιους
492 3518 526 3561 Α
614 3522 640 3559 4
670 3517 783 3561 “οὐκ’
817 3518 865 3572 G]
900 3517 967 3563 οἷς
997 3521 1031 3564 Α
1064 3521 1088 3563 ὁ
1121 3520 1160 3563 δ’
1193 3520 1224 3565 8
1299 3522 1478 3566 παύςας
1509 3522 1544 3566 Α
1618 3523 1723 3567 ἀντὶ
1757 3523 1807 3578 G]
1841 3524 1945 3579 οὐχὶ
1974 3523 2010 3568 Α
2031 3522 2064 3568 8
2130 3523 2267 3566 παιᾶ-

218 3586 299 3618 νος
330 3573 361 3618 8
481 3577 505 3616 5
538 3573 792 3629 φροντίδος
826 3575 856 3620 8
983 3579 1008 3618 6
1039 3576 1090 3621 ὃς
1121 3577 1173 3631 Α]
1208 3575 1247 3620 εἰ
1278 3578 1308 3623 8
1437 3581 1459 3620 7
1491 3577 1537 3622 τί
1570 3580 1629 3633 μὴ
1663 3581 1718 3624 οὐ
1750 3577 1970 3636 Hartung]
2002 3577 2049 3623 τί
2080 3579 2142 3633 μὴ
2174 3579 2209 3625 Α
2232 3577 2264 3625 8

214 3628 262 3674 τί
293 3629 350 3674 οὐ
385 3631 416 3675 Β
506 3630 589 3674 ἐὰν
621 3631 671 3686 Α]
706 3630 745 3676 εἰ
778 3636 809 3678 Β
844 3633 961 3676 ὅταν
992 3632 1023 3678 8
1113 3636 1138 3675 8
1171 3635 1320 3678 αὐτῶι
1350 3635 1384 3679 Α
1476 3636 1654 3691 [9-10]
1691 3639 1739 3688 Ι.;
1769 3654 1827 3675 =
1858 3638 1889 3682 Β
1919 3637 2134 3692 promyth.

388 3701 449 3746 25
479 3702 513 3746 Α
545 3706 652 3743 3-4
683 3703 936 3756 (ἄτολμοι),
979 3706 1003 3745 6
1036 3703 1265 3759 (ἀκταίη),
1305 3709 1327 3747 7
1361 3705 1614 3762 (ὀκλαδίας)
1647 3706 1678 3752 8
1712 3709 1837 3752 8101
1869 3726 1927 3737 -
1963 3709 1991 3749 4
2020 3706 2175 3762 ψυχὰς
2207 3703 2259 3760 8]

118 3821 126 3826 .
216 3758 374 3812 ψυχάς
403 3757 445 3800 τ’
476 3758 509 3802 Α
596 3763 769 3810 μοῦνον
802 3762 834 3805 Α
854 3759 905 3814 8]
942 3763 1115 3813 μᾶλλον
1147 3766 1347 3804 nonnulli
1378 3765 1478 3804 libri
1510 3762 1541 3809 S
