2332 4134
1106 265 1367 313 -6---

534 536 935 599 Ἀλεκτορίςκων
973 535 1037 597 ἦν
1076 535 1210 598 μάχη
1249 532 1610 596 Ταναγραίων,

537 621 615 673 οἷς
655 622 822 684 θυμὸν
859 618 988 670 εἶναί
1028 636 1182 683 φαςιν
1221 617 1336 669 οἷον
1375 616 1687 679 ἀνθρώποις,

535 708 742 758 τούτων
781 707 811 757 ὁ
850 705 1076 769 λειφθείς
1114 704 1450 770 (τραυμάτων
1488 703 1587 765 γὰρ
1626 699 1692 763 ἦν
1729 699 1952 763 πλήρης)

537 790 713 843 ἔκυπτ)
754 792 805 842 ες
843 789 993 841 οἴκου
1031 790 1227 851 γωνίην
1264 789 1350 839 ὑπ)
1390 788 1654 851 αἰςχύνης·

534 875 564 926 ὁ
605 874 651 927 δ’
692 875 847 927 ἄλλος
887 875 1041 926 εὐθὺς
1081 875 1162 925 ἐπὶ
1201 875 1262 925 τὸ
1303 877 1453 935 δῶμα
1489 872 1722 934 πηδήςας

538 962 831 1023 ἐπικροτῶν
869 977 923 1011 τε
960 963 1069 1011 τοῖς
1106 962 1315 1022 πτεροῖς
1355 957 1632 1020 ἐκεκράγει.

537 1046 618 1096 καὶ
656 1046 751 1096 τὸν
789 1047 896 1111 μὲν,
922 1044 1077 1096 ἀετός
1113 1061 1187 1094 τις
1226 1044 1282 1095 ἐκ
1320 1044 1530 1103 ςτέγους
1571 1040 1701 1104 ἄρας

537 1130 747 1194 ἀπῆλθ’·
789 1130 819 1182 ὁ
860 1129 906 1182 δ’
946 1130 1115 1182 ἀδεῶς
1155 1128 1442 1192 ἀμφέβαινε
1483 1128 1723 1190 θηλείαις,

537 1215 785 1278 ἀμείνονα
824 1218 960 1278 ςχὼν
999 1214 1271 1278 τάπίχειρα
1309 1218 1399 1276 τῆς
1439 1213 1608 1275 ἥττης.

608 1301 906 1368 [ἄνθρωπε,
946 1302 1028 1352 καὶ
1066 1301 1123 1351 ςὺ
1163 1301 1229 1363 μή
1269 1300 1386 1351 ποτ’
1423 1299 1522 1350 'icet
1560 1299 1842 1361 καυχήμων

539 1386 697 1438 ἄλλου
738 1405 789 1438 ςε
828 1390 1008 1438 πλεῖον
1045 1390 1135 1448 τῆς
1174 1387 1331 1448 τύχης
1370 1386 1706 1448 ἐπαιρούςης·

537 1474 763 1523 πολλοὺς
802 1472 958 1523 ἕςωςε
998 1472 1079 1522 καὶ
1119 1471 1180 1522 τὸ
1222 1471 1287 1533 μὴ
1329 1473 1497 1521 καλῶς
1537 1465 1821 1536 πράττειν.]

539 1741 731 1792 (Αλιεὺς
771 1742 1022 1803 θαλάςςης
1061 1744 1228 1791 πᾶςαν
1267 1739 1403 1807 ᾐόνα
1441 1739 1582 1792 Ξύων

539 1827 934 1890 λεπτοκάλαμόν
973 1843 1027 1878 τε
1065 1827 1160 1877 τὸν
1197 1826 1390 1886 γλυκὺν
1430 1824 1543 1888 βίον
1581 1823 1738 1876 Ζώων

538 1913 720 1976 μικρόν
758 1912 874 1963 ποτ>
915 1913 1060 1975 ἰχθὺν
1100 1912 1283 1974 ὁρμιῆς
1324 1911 1417 1975 ἀφ’
1457 1910 1662 1971 ἱππείης

539 1998 802 2060 ἤγρευςεν,
841 1998 904 2048 οὐ
943 2001 1050 2048 τῶν
1089 1997 1159 2048 εἰς
1198 1997 1428 2058 τάγηνον
1467 1995 1694 2058 ὡραίων.

514 2083 572 2134 ’ὁ
613 2083 657 2134 δ’
695 2084 858 2135 αὐτὸν
896 2084 1067 2135 οὕτως
1105 2084 1333 2134 ἱκέτευεν
1371 2082 1666 2144 άςπαίρων·

541 2168 600 2219 ετί
641 2187 716 2220 ςοι
755 2171 816 2220 τὸ
856 2171 1065 2232 κέρδος;
1106 2169 1136 2232 ἦ
1179 2170 1270 2220 τιν’
1311 2168 1452 2220 ῶνον
1492 2167 1746 2231 εὑρήςεις;

539 2254 634 2305 οὐκ
674 2254 771 2316 εἰμὶ
809 2256 908 2317 γὰρ
947 2256 1167 2315 τέλειος,
1209 2255 1339 2306 ἀλλά
1378 2271 1438 2316 με
1477 2254 1663 2320 πρῴην

540 2340 675 2401 πρὸς
712 2343 836 2406 τῇδε
875 2341 1035 2408 πέτρῃ
1076 2341 1229 2403 φυκὶς
1268 2340 1485 2390 ἕπτυςεν
1524 2339 1706 2401 μήτηρ.

540 2427 634 2475 νῦν
673 2423 768 2475 οὗν
809 2424 941 2489 ἄφες
980 2442 1055 2487 με,
1094 2426 1159 2488 μὴ
1201 2425 1365 2487 μάτην
1405 2424 1453 2487 μ)
1493 2423 1817 2490 ἀποκτείνῃς.

543 2509 670 2571 ἐπὴν
709 2511 768 2560 δὲ
808 2511 1045 2572 πληςθεὶς
1083 2510 1289 2573 φυκίων
1330 2509 1655 2561 θαλαςςαίων

539 2595 695 2656 μέγας
734 2595 987 2658 γένωμαι,
1025 2595 1288 2646 πλουςίοις
1327 2597 1546 2658 πρέπων
1586 2596 1831 2653 δείπνοις,

539 2678 649 2729 τότ’
690 2679 866 2731 ἐνθάδ’
907 2680 1074 2731 ἐλθὼν
1112 2680 1332 2743 ὕςτερόν
1369 2698 1429 2743 με
1470 2681 1738 2748 ςυλλήψῃ.’

540 2767 756 2815 τοιαῦτα
793 2765 972 2828 μύζων
1009 2765 1207 2816 ἱκέτευε
1246 2764 1564 2828 κάςπαίρων,

542 2847 653 2900 ἀλλ’
692 2851 789 2900 οὐκ
828 2850 1006 2913 ἔμελλε
1045 2852 1139 2902 τὸν
1177 2853 1401 2914 γέροντα
1440 2852 1750 2902 θωπεύςειν·

540 2934 643 2998 ἔφη
684 2937 743 2986 δὲ
782 2937 978 2998 πείρων
1018 2937 1180 2988 αὐτὸν
1220 2936 1339 3004 ὀξέῃ
1380 2939 1594 3005 ςχοίνῳ·
2199 2945 2252 2983 15

543 3017 590 3069 ςὁ
630 3021 696 3083 μὴ
736 3021 799 3070 τὰ
839 3021 1015 3084 μικρά,
1054 3024 1187 3084 πλὴν
1228 3024 1430 3085 βέβαια,
1470 3023 1692 3085 τηρήςας

542 3105 758 3167 μάταιός
798 3107 928 3156 ἐςτιν
968 3106 1032 3157 ἃν
1072 3106 1239 3170 ἄδηλα
1280 3108 1506 3175 θηρεύῃ.>

372 3290 400 3332 5
431 3290 464 3333 Α
499 3292 604 3330 1-—2
636 3289 941 3344 (Ταναγραῖοι
970 3290 1302 3344 ἀλεκτορίςκοι)
1335 3294 1359 3331 9
1394 3291 1675 3346 (τάπίχειρα)
1699 3293 1730 3337 8
1764 3295 1833 3337 ΒΊ
1865 3313 1924 3323 -
1953 3293 1979 3332 2
2009 3287 2078 3332 οἷς
2108 3299 2247 3341 φαςιν

204 3345 324 3386 εἶναι
355 3345 503 3398 θυμὸν
526 3347 678 3401 ὥςπερ
712 3346 979 3401 ἀνθρώποις
1013 3347 1043 3391 8
1129 3351 1156 3388 4
1188 3348 1346 3389 ἔκυπτ’
1368 3348 1414 3390 ἐς
1446 3348 1614 3402 Haupt]
1650 3349 1894 3404 ἐκρύπτετ’
1915 3348 1951 3392 Α
2039 3349 2065 3386 5
2096 3343 2170 3387 ἐπὶ
2193 3341 2246 3395 Β]

204 3398 269 3443 εἰς
298 3401 332 3444 Α
411 3406 435 3443 8
466 3402 616 3446 ἀδεῶς
647 3402 891 3455 Eberhard]
927 3403 1120 3456 ἀφόβως
1153 3406 1184 3447 Β
1217 3405 1355 3446 ἄλλος
1387 3407 1419 3448 Α
1490 3404 1743 3458 ἀμφίβαινε
1773 3421 1835 3460 pr.
1858 3406 1894 3450 Α
1974 3398 2181 3460 [10-12]
2224 3399 2252 3442 L

205 3474 259 3493 =
289 3461 502 3513 promyth.
526 3460 558 3502 Β
591 3478 594 3480 ·
651 3464 700 3500 11
733 3462 897 3502 πλεῖον
932 3459 977 3513 L]
1012 3461 1155 3502 πλέον
1186 3462 1220 3505 Α

374 3516 459 3559 6·Α
479 3517 545 3560 68
569 3517 731 3564 (ῶνος)
761 3537 819 3546 -
853 3520 871 3556 1
907 3516 1043 3569 ἠιόνα
1076 3517 1109 3559 Α
1192 3520 1217 3557 2
1249 3519 1607 3570 λεπτοκάλαμόν
1628 3533 1682 3563 τε
1715 3518 1765 3573 G]
1799 3521 1957 3574 λεπτῷ
1988 3513 2187 3568 καλάμῳ
2215 3512 2250 3556 Α

199 3572 362 3625 Δλεπτῷ
394 3585 447 3615 τε
478 3575 673 3628 καλάμῳ
706 3575 845 3614 Boiss.
933 3577 960 3613 4
991 3574 1046 3625 οὐ
1077 3574 1348 3628 Lachmann]
1384 3576 1434 3618 ἐκ
1465 3577 1498 3619 Α
1580 3577 1760 3630 ὡραῖον
1783 3579 1817 3620 Α
1904 3578 1930 3616 6
1961 3573 1991 3626 ἦ
2015 3569 2076 3625 Β]
2109 3570 2140 3622 ἢ
2169 3566 2249 3612 AS

204 3627 292 3669 τιν’
332 3627 457 3671 ὦνον
498 3631 728 3685 εὑρήςεις;
768 3629 819 3682 S]
860 3629 1005 3672 πόςου
1051 3644 1102 3681 με
1142 3631 1370 3684 πωλὴςεις
1412 3637 1445 3676 Α
1560 3634 1757 3677 ἔπτυςεν
1800 3629 1961 3686 Bergk]
2004 3628 2173 3671 ἔπτυςε
2213 3624 2249 3668 Α

208 3686 260 3723 10
291 3684 551 3729 θαλαςςίων
582 3689 615 3731 Α
753 3689 804 3727 13
835 3685 1107 3739 κάςπαίρων
1142 3686 1186 3739 L]
1227 3689 1301 3729 καὶ
1335 3688 1542 3742 ςπαίρων
1577 3692 1608 3732 Α
1748 3692 1798 3730 15
1832 3689 1939 3743 ὸξέῃ
1974 3683 2022 3738 L]
2055 3679 2180 3737 ὀξείῃ
2216 3680 2251 3725 Α

214 3742 266 3781 17
297 3740 356 3783 ἃν
388 3745 433 3794 (i.
462 3757 496 3785 e.
530 3742 558 3785 ἃ
590 3744 666 3796 ἂν)
699 3742 747 3795 G]
783 3743 839 3785 ἂν
873 3745 903 3786 Α

2324 2801 2332 2903 ἑ
