2332 4134
1085 285 1442 338 ...24-

580 530 941 596 Διαρραγῆναί
981 544 1136 594 φαςιν
1175 527 1232 579 ἐκ
1261 527 1426 590 -μέςου
1464 525 1640 576 νώτου

581 618 827 681 δράκοντι
866 618 1028 679 μῆκος
1067 612 1393 675 ἐξιςουμένην
1433 610 1648 673 ςαύραν.

648 702 886 769 [βλάψεις
923 699 1143 752 ςεαυτὸν
1180 697 1372 750 κούδὲν
1411 694 1539 747 ἄλλο
1579 694 1823 757 ποιήςεις,

581 789 644 840 ἂν
683 788 779 839 τὸν
818 788 871 838 ςὲ
909 785 1023 837 λίαν
1060 784 1386 847 ὑπερέχοντα
1423 779 1648 848 μιμήςῃ.]

579 991 818 1046 Δεῑπνόν
854 1007 928 1042 τις
966 989 1073 1053 εἶχε
1109 988 1351 1053 λαμπρὸν
1388 987 1445 1039 ἐν
1482 986 1631 1038 πόλει
1669 984 1843 1038 θύςας.

578 1079 607 1130 ὁ
647 1078 791 1129 κύων
829 1078 889 1129 δὲ
925 1076 1120 1128 τούτου
1159 1074 1272 1127 κυνὶ
1309 1073 1446 1141 φίλῳ
1486 1071 1802 1135 ςυναντήςας

579 1164 747 1215 ἐλθεῖν
784 1162 919 1225 πρὸς
958 1161 1125 1213 αὑτὸν
1163 1160 1247 1212 ἐπὶ
1283 1159 1347 1211 τὸ
1386 1161 1601 1211 δεῖπνον
1638 1157 1836 1221 ἠρώτα.

579 1249 815 1301 κάκεῖνος
852 1246 1006 1310 ἦλθε·
1045 1246 1141 1298 τὸν
1179 1246 1240 1298 δὲ
1277 1246 1372 1296 τοῦ
1413 1245 1624 1296 ςκέλους
1663 1241 1795 1306 ἄρας

581 1334 611 1385 ὁ
650 1333 894 1397 μάγειρος
934 1332 1085 1384 ἐκτὸς
1125 1331 1329 1395 ἐξέριψε
1367 1332 1462 1381 τοῦ
1502 1328 1683 1392 τοίχου
2263 1338 2290 1376 5

580 1420 633 1471 ἐς
671 1420 765 1483 τὴν
805 1417 1005 1480 ἄγυιαν.
1045 1420 1154 1469 τῶν
1192 1418 1364 1469 κυνῶν
1403 1415 1450 1468 δ’
1489 1415 1821 1479 ἐρωτώντων

578 1504 726 1557 ὅπως
764 1501 1021 1566 ἐδείπνης’
1059 1501 1202 1555 εἶπε·
1244 1501 1380 1554 (πῶς
1417 1502 1518 1564 γὰρ
1559 1500 1624 1552 ἂν
1663 1502 1911 1564 κρεῖςςον,

581 1589 641 1641 ὃς
679 1588 807 1641 οὐδὲ
844 1589 1003 1652 ποίην
1041 1588 1175 1641 ὁδὸν
1212 1585 1350 1656 ἀνῇα
1385 1583 1657 1649 γινώςκω.’

408 1674 524 1728 Ὅτι
551 1677 660 1727 τοῖς
687 1675 752 1739 μὴ
779 1674 922 1742 λόγῳ
949 1676 1060 1726 τοῖς
1086 1673 1377 1737 πράγμαςιν
1403 1672 1719 1736 ἐγχειροῦςιν
1746 1671 1924 1725 ἕπεται
1953 1667 2203 1724 πολλάκις
2227 1667 2290 1722 τὸ

239 1763 409 1814 κακῶς
435 1760 493 1813 ἐν
519 1759 698 1813 αὐτοῖς
725 1759 957 1822 πάςχειν.

579 1932 820 1996 Ἔλαφος
860 1931 1107 1995 κεράςτης
1144 1930 1250 1982 ὑπὸ
1290 1930 1352 1981 τὸ
1392 1933 1563 1993 καῦμα
1602 1928 1825 1993 διψήςας

581 2017 758 2080 λίμνης
795 2017 942 2080 ὕδωρ
982 2016 1157 2068 ἔπινεν
1192 2015 1564 2078 ἡςυχαζούςης,

583 2102 686 2153 ἐκεῖ
725 2102 771 2154 δ’
811 2102 1002 2154 ἑαυτοῦ
1042 2102 1136 2164 τὴν
1174 2101 1314 2164 ςκιὴν
1352 2101 1623 2163 θεωρήςας

585 2191 742 2251 χηλῆς
781 2189 876 2251 μὲν
913 2186 1038 2240 εἴδει
1076 2187 1159 2238 καὶ
1197 2188 1382 2238 ποδῶν
1421 2185 1670 2248 ἐλυπήθη,

584 2273 669 2325 ἐπὶ
706 2277 816 2326 τοῖς
854 2274 1028 2338 κέραςι
1067 2271 1113 2324 δ’
1152 2272 1224 2324 ώς
1262 2274 1439 2324 καλοῖς
1480 2270 1613 2333 ἄγαν
1650 2271 1810 2335 ηὔχει.
2267 2282 2293 2322 5

581 2361 755 2422 παρῆν
793 2360 852 2411 δὲ
889 2359 1110 2421 νέμεςις,
1149 2359 1180 2421 ἢ
1219 2357 1285 2409 τὰ
1320 2355 1472 2422 γαῦρ’
1510 2357 1801 2410 ἐποπτεύει.

581 2443 864 2506 κυνηγέτας
899 2443 1000 2507 γὰρ
1042 2441 1239 2506 ἄνδρας
1276 2441 1415 2495 εἶδεν
1454 2442 1702 2507 ἐξαίφνης

584 2529 718 2591 ὁμοῦ
759 2529 999 2592 ςαγήναις
1038 2530 1121 2580 καὶ
1160 2528 1395 2581 ςκύλαξιν
1433 2527 1684 2592 εὐρίνοις·

585 2613 712 2665 ἰδὼν
751 2612 797 2665 δ’
835 2613 1027 2678 ἔφευγε
1073 2613 1236 2678 δίψαν
1273 2613 1487 2666 οὐδέπω
1527 2613 1727 2665 παύςας

584 2700 667 2750 καὶ
709 2698 910 2763 μακρὸν
949 2698 1112 2762 ἐπέρα
1148 2697 1334 2750 πεδίον
1370 2697 1558 2762 ἴχνεςιν
1595 2699 1831 2763 κούφοις.
2237 2708 2291 2748 10

587 2784 697 2836 ἐπεὶ
736 2784 796 2836 δὲ
834 2785 898 2847 δὴ
938 2783 1258 2847 ςύνδενδρον
1295 2782 1452 2847 ἦλθεν
1490 2783 1562 2836 εἰς
1599 2784 1748 2846 ὕλην,

584 2870 777 2932 κέρατα
815 2869 1032 2933 θάμνοις
1071 2869 1344 2933 ἐμπλακεὶς
1385 2869 1658 2933 ἐθηρεύθη.

584 2950 827 3006 κάνταῦθ’
868 2954 996 3019 ἔφη·
1034 2949 1307 3018 εδύςτηνος
1346 2955 1418 3007 ὡς
1457 2956 1795 3020 διεψεύςθην·

585 3039 636 3090 οἱ
672 3039 772 3103 γὰρ
812 3039 977 3092 πόδες
1016 3038 1065 3102 μ’
1102 3039 1316 3107 ἔςῳζον,
1357 3039 1435 3092 οἶς
1474 3040 1795 3105 ἐπηδούμην,

586 3124 651 3175 τὰ
689 3124 881 3187 κέρατα
919 3125 978 3176 δὲ
1016 3124 1354 3188 προῦδωκεν,
1393 3125 1471 3177 οἷς
1510 3125 1871 3190 ἐγαυρούμην.’
2241 3139 2293 3176 15

413 3252 471 3296 41
500 3250 535 3295 A
565 3271 623 3280 —
656 3254 680 3291 9.
717 3250 893 3304 μήκους
926 3250 961 3294 Α
1052 3250 1193 3306 [3-4]
1226 3253 1455 3293 Eberhard
2272 3276 2275 3278 >

412 3309 478 3353 42
507 3307 543 3352 A
572 3306 642 3352 38
669 3307 854 3363 (ἐρωτῶ
885 3312 950 3359 ςε)
983 3308 1081 3352 827
1115 3308 1211 3351 1³22
1234 3326 1288 3345 =
1312 3308 1343 3353 G
1363 3324 1405 3363 p.
1424 3312 1536 3351 3311
1568 3309 1692 3354 (2129
1725 3316 1768 3352 et
1797 3325 1839 3365 p.
1862 3310 1977 3352 3312
2004 3329 2064 3341 —
2093 3311 2120 3350 3
2142 3308 2290 3352 αὐτὸν

246 3365 283 3408 Α
302 3363 335 3410 8
423 3368 449 3406 5
480 3364 691 3418 ἐξέρριψε
723 3365 757 3409 Α
857 3367 879 3405 7
911 3368 1129 3418 κρεῖττον
1160 3365 1195 3408 Α
1283 3368 1309 3406 8
1339 3365 1482 3420 ποίην
1512 3366 1628 3410 ὁδὸν
1660 3365 1784 3422 ἀνῇα
1814 3366 1867 3422 G]
1898 3365 2040 3410 ποίαν
2070 3364 2291 3410 ἀναλύειν

250 3434 303 3473 με
333 3420 369 3464 Α
399 3422 473 3464 ὅτι
503 3420 615 3464 οὐδὲ
646 3423 737 3475 τὴν
769 3422 884 3464 ὁδὸν
915 3422 1041 3471 οῖδα,
1074 3422 1183 3464 ὅθεν
1215 3422 1408 3475 ἐξῆλθον
1442 3425 1474 3467 Β

415 3478 480 3522 43
513 3478 548 3522 A
589 3478 657 3523 68
698 3478 910 3530 (νέμεςις)
954 3479 1053 3520 Β34
1085 3496 1137 3514 =
1171 3478 1320 3522 [21814
1362 3481 1455 3523 1³66
1486 3498 1540 3517 =
1574 3480 1604 3525 G
1634 3495 1675 3534 p.
1708 3484 1793 3522 364
1833 3480 1984 3526 01811
2014 3496 2070 3516 ==
2099 3479 2211 3532 Aug.
2238 3481 2289 3520 75

251 3533 499 3581 (21812‚3‚5
531 3542 570 3575 et
601 3550 643 3588 p.
666 3538 748 3576 365
783 3555 840 3564 —
884 3538 909 3576 3
941 3535 991 3577 δὲ
1024 3534 1170 3577 αὐτοῦ
1203 3535 1238 3579 Α
1328 3537 1455 3579 ςκιὰν
1487 3537 1523 3581 Α
1638 3540 1666 3578 4
1696 3537 1811 3582 εἴδει
1841 3537 1894 3592 Θ]
1927 3538 2056 3580 ἕνεκε
2085 3534 2121 3580 A
2151 3534 2289 3579 ἕνεκα

247 3593 412 3642 Minas,
445 3605 572 3645 quem
604 3595 741 3632 secuti
772 3598 871 3633 sunt
902 3595 1163 3632 recentiores
1196 3607 1357 3644 omnes,
1391 3609 1442 3634 ex
1473 3596 1630 3647 quibus
1661 3595 1942 3636 Eberhardus
1971 3598 2072 3648 post
2099 3607 2141 3633 v.
2162 3595 2190 3632 4
2220 3606 2289 3632 ex·

249 3649 406 3689 cidisse
426 3654 549 3701 putat
569 3663 740 3689 versum
765 3663 848 3702 quo
873 3650 981 3688 haee
1005 3663 1202 3701 expressa
1230 3651 1359 3689 fuerit
1381 3654 1616 3692 sententia:
1650 3653 1714 3694 ὡς
1745 3651 1945 3694 λεπτοὺς
1974 3649 2051 3692 καὶ
2072 3648 2284 3692 ἀεθενεῑ(

251 3705 391 3746 ὄντας
417 3705 484 3755 (Β)
574 3709 597 3746 5
622 3706 777 3748 τοῑςδε
800 3706 985 3758 κέραςιν
1008 3705 1041 3748 Α
1132 3708 1155 3745 <3
1181 3706 1238 3747 τὰ
1271 3708 1404 3760 γαῦρ’
1428 3708 1675 3751 ἐποπτεύει
1709 3708 1756 3762 L]
1788 3708 1847 3750 τὰ
1878 3709 2032 3761 γαῡρα
2063 3703 2286 3759 πημαίνει

250 3759 501 3812 (ποιμαίνει
522 3762 704 3813 Seidler)
733 3762 767 3806 A
797 3762 857 3803 τὰ
889 3765 974 3814 γῆς
1008 3763 1092 3809 (vel
1126 3762 1290 3813 τᾶδικ’)
1325 3763 1573 3807 ἐποπτεύει
1605 3765 1635 3810 8
1728 3768 1780 3806 10
1810 3765 1952 3818 ἰ’χνεςι
1973 3763 2008 3807 Α
2097 3764 2150 3805 13
2182 3759 2288 3804 κάν·

248 3819 381 3860 ταῦθ’
415 3816 465 3870 Β]
498 3817 574 3860 καὶ
607 3820 740 3860 ταῦτ’
775 3818 808 3861 Α
899 3817 961 3860 ὣς
995 3818 1028 3861 Α
