2332 4134
2257 0 2332 309 11

1126 313 1191 318 —
1267 281 1332 332 76
1405 310 1473 317 .-

621 427 783 478 τέττιξ
822 425 881 475 δὲ
917 426 1109 475 τοῦτον
1146 422 1373 474 ἱκέτευεν
1415 422 1683 486 λιμώττων

627 510 809 562 δοῦναί
848 527 893 560 τι
930 510 1106 576 καύτῷ
1146 511 1237 570 τῆς
1276 511 1497 572 τροφῆς,
1537 507 1684 560 ὅπως
1723 509 1872 577 ζήςῃ·

626 594 687 647 ςτί
726 595 821 647 οὗν
860 592 1065 645 ἐποίεις>
1104 592 1226 656 φηςί
1268 590 1357 660 “τῷ
1397 592 1533 656 θέρει
1571 593 1787 662 τούτῳ;’
2289 609 2313 649 5

625 682 740 748 ,οὐκ
779 679 1078 742 ἐςχόλαζον,
1119 677 1252 729 ἀλλὰ
1292 679 1554 729 διετέλουν
1592 678 1773 745 ᾄδωνέ

623 766 841 827 γελάςας
880 763 925 816 δ’
964 764 993 816 ὁ
1033 763 1232 827 μύρμηξ
1268 763 1365 815 τόν
1402 780 1458 815 τε
1495 764 1668 827 πυρὸν
1706 763 1951 824 ἐγκλείων

625 850 891 914 εχειμῶνος
931 848 1127 912 ὀρχοῦ’,
1167 849 1321 913 φηςίν
1359 847 1419 901 εεἰ
1457 850 1644 912 θέρους
1681 848 1839 916 ῇςας.’

701 935 951 1003 [κρεῖττον
989 935 1050 987 τὸ
1092 935 1393 999 φροντίζειν
1431 937 1601 998 χρεῶν
1639 934 1936 996 ἀναγκαίων

623 1024 653 1086 ἢ
694 1023 755 1074 τὸ
794 1022 1083 1086 προςίςχειν
1120 1020 1358 1084 τέρψεςίν
1389 1018 1508 1088 <τε>
1539 1021 1621 1072 καὶ
1660 1018 1888 1087 κώμοις.]
2270 1033 2320 1082 10

627 1308 657 1359 Γ
661 1307 834 1359 ἀλλοις
873 1304 1117 1369 ἀγύρται(
1155 1305 1226 1357 εἰς
1264 1304 1325 1356 τὸ
1367 1305 1547 1356 κοινὸν
1586 1303 1786 1367 ἐπράθη

628 1392 752 1444 ὄνος
790 1409 865 1443 τις
903 1391 999 1443 οὐκ
1037 1391 1295 1455 εὔμοιρος,
1337 1387 1467 1440 ἀλλὰ
1507 1388 1816 1452 δυςδαίμων,

627 1478 698 1530 ὡς
737 1477 946 1545 εἰςφέρῃ
985 1479 1232 1539 πτωχοῑςι
1270 1476 1353 1527 καὶ
1393 1478 1695 1539 λεωργοῑςιν

627 1564 803 1626 πείνης
843 1561 968 1614 ἄκος
1008 1562 1165 1626 δίψης
1202 1578 1258 1613 τε
1296 1561 1378 1612 καὶ
1417 1560 1481 1611 τὰ
1519 1564 1610 1624 τῆς
1647 1561 1841 1623 τέχνης.
1904 1593 1908 1597 -

627 1648 773 1701 οὗτοι
813 1650 872 1700 δὲ
910 1649 1080 1716 κύκλῳ
1119 1650 1287 1699 πᾶςαν
1326 1647 1378 1701 ἐξ
1419 1647 1573 1699 ἔθους
1611 1647 1787 1710 κώμην
2299 1657 2324 1698 5

630 1734 899 1798 περιόντες
938 1733 1267 1795 ἐλεγείνουςι“
1306 1733 1381 1784 τίς
1419 1733 1519 1796 γὰρ
1559 1731 1821 1796 ἀγροίκων

632 1819 728 1871 οὐκ
767 1817 910 1871 οἶδεν
947 1819 1119 1870 Ἄττιν
1158 1818 1345 1869 λευκὸν
1384 1818 1455 1870 ὡς
1495 1818 1765 1881 ἐπηρώθη;

628 1905 703 1956 τίς
742 1903 839 1956 οὐκ
877 1903 1117 1967 ἀπαρχὰς
1157 1902 1389 1967 ὀςπρίων
1425 1921 1481 1956 τε
1519 1904 1602 1955 καὶ
1641 1902 1794 1955 ςίτων

633 1990 776 2057 ἁγνῷ
818 1991 1003 2054 φέρων
1041 1989 1217 2042 δίδωςι
1256 1989 1505 2057 τυμπάνῳ
1546 1988 1730 2052 Ῥείης;

629 2073 759 2126 ὄνου
799 2077 859 2127 δὲ
897 2074 1081 2138 δήποτ’
1122 2073 1490 2126 ἀποθανόντος
1529 2075 1584 2126 ἐκ
1622 2074 1823 2138 μόχθου
2276 2083 2329 2122 10

626 2163 687 2226 τῇ
728 2161 947 2228 διφθέρῃ
985 2156 1103 2228 <γε>
1138 2159 1472 2222 τυμπάνοιςιν
1512 2160 1759 2223 ἐχρῶντο.

459 2348 484 2385 3
517 2344 730 2397 δηαυτην
766 2344 795 2387 Ρ
932 2356 1149 2396 ικετηυεν
1185 2343 1214 2386 Ρ
1247 2356 1482 2386 ικετευςεν
1512 2344 1638 2385 Voss.
1677 2342 1852 2396 royabat
1880 2343 2006 2384 Voss.
2029 2341 2060 2386 Ρ
2193 2343 2330 2394 λιμω-

299 2416 446 2458 τιχων
479 2402 509 2446 Ρ
628 2404 656 2442 4
685 2413 923 2443 και.αυτω
955 2402 1080 2442 Voss.
1189 2400 1669 2453 δουνεαυτηιποτετες
1702 2399 1732 2443 Ρ
1848 2411 1979 2442 οπως
2010 2400 2122 2452 ζηςη
2153 2398 2264 2439 unde
2294 2402 2332 2439 et

298 2463 412 2503 vv‘mat
440 2461 565 2500 Voss,
597 2471 725 2501 οπως
757 2459 880 2510 Ζωςη
912 2463 958 2497 ut
985 2460 1099 2499 vivat
1132 2457 1162 2500 Ρ
1307 2459 1332 2497 5
1364 2458 1503 2510 φηςὶν
1534 2458 1659 2498 Voss.
1685 2457 1715 2500 P
1843 2468 2003 2499 τουτω
2035 2468 2105 2499 τω
2138 2456 2268 2510 θερηι
2300 2453 2332 2499 Ρ

298 2521 323 2559 6
355 2517 739 2569 ουμοιεςχολαζον
773 2515 802 2558 Ρ
892 2514 1146 2568 διητηλουν
1178 2513 1309 2556 αδων
1332 2514 1458 2555 Voss.
1493 2514 1625 2555 αδων
1658 2514 1888 2566 διετηλων
1922 2513 1952 2557 Ρ
2069 2514 2093 2553 7
2122 2514 2331 2555 τελαςας.

300 2576 361 2618 δε.
394 2587 419 2616 ο
448 2573 593 2613 ridem
623 2585 718 2624 erqo
749 2577 885 2612 autem
915 2573 1042 2613 Voss.
1160 2572 1328 2622 γελαςλ
1360 2572 1566 2625 ςμυρμηξ
1598 2584 1673 2612 και
1706 2583 1829 2613 ςιτον
1862 2571 1892 2614 Ρ
2008 2569 2174 2612 ἑκλιων
2204 2570 2331 2611 Voss.

300 2633 525 2683 εκκληιων
560 2629 589 2672 Ρ
621 2629 839 2669 includem
863 2629 988 2670 Voss.
1013 2628 1043 2672 Ρ
1159 2630 1184 2668 8
1217 2628 1498 2682 θηρουλδηις
1526 2629 1567 2668 si
1595 2633 1750 2668 aestate
1779 2633 1927 2668 canta-9
1959 2627 1990 2671 Ρ
2096 2624 2136 2670 εἰ
2167 2625 2332 2680 θέρους

299 2689 455 2742 ηὔλεις
489 2686 520 2729 Β
704 2684 897 2740 [9-10]
931 2685 959 2728 L
991 2699 1073 2726 om.
1101 2685 1225 2725 Voss.
1259 2685 1288 2728 Ρ
1330 2685 1354 2726 ὁ
1385 2685 1525 2737 λόγος
1557 2685 1691 2737 δηλοῖ
1723 2684 1796 2727 ὅτι
1826 2683 1965 2726 οὐδὲν
1995 2686 2215 2738 κρεῖττον
2245 2685 2331 2724 τοῦ

304 2741 570 2800 φροντίζειν
600 2745 699 2784 τῶν
731 2740 1003 2793 ἀναγκαίων
1034 2744 1230 2795 τροφῶν
1261 2743 1336 2783 καὶ
1371 2742 1431 2794 μὴ
1465 2741 1818 2794 ἀπαςχολεῖςθαι
1849 2739 1912 2784 εἰς
1942 2739 2110 2795 τέρψιν
2139 2740 2214 2782 καὶ
2243 2752 2332 2781 κω-

303 2801 464 2855 μαςίαν
488 2799 515 2843 Ρ
530 2800 610 2840 195
728 2801 752 2839 9
783 2802 935 2852 χρεῶν
957 2796 1229 2850 ἀναγκαίων
1251 2798 1414 2852 Bergk]
1447 2797 1717 2850 ἀναγκαίων
1737 2801 1906 2851 χρειῶν
1927 2797 2084 2850 Georg.
2203 2798 2255 2837 10
2274 2795 2332 2837 τὸ

300 2857 558 2956 προςέςχειν
588 2854 748 2908 Boiss.]
781 2856 836 2897 τὸ
867 2855 1108 2910 προςέχειν
1141 2855 1298 2908 Georg.
1331 2858 1445 2898 νοῦν
1477 2853 1737 2909 προςίςχειν
1767 2856 1911 2896 Lewis
2041 2851 2144 2910 (τε)
2172 2849 2332 2908 Boias]

303 2930 387 2960 om.
459 2927 575 2966 eorg.
2233 2931 2239 2939 =

466 2970 550 3013 137
584 2972 732 3021 1—2,
765 2971 892 3010 5—9
924 2970 1103 3009 Tzetzes
1132 2970 1178 3008 in
1210 2968 1396 3011 Chiliad.
1427 2969 1557 3018 XIII,
1590 2971 1670 3009 ‘263
1703 2967 1747 3010 οἱ
1777 2967 1966 3011 παλαιοὶ
1998 2965 2198 3021 ἀγύρται
2226 2965 2332 3020 γὰρ,

303 3028 455 3081 ὥςπερ
490 3024 687 3080 Βαβρίας
716 3026 909 3080 γράφει,
952 3025 1001 3067 ἐν
1044 3024 1314 3077 μυθιάμβοις
1356 3028 1457 3067 τοῖς
1496 3027 1692 3078 χωλοῖς,
1736 3025 1791 3066 οὐ
1832 3027 1934 3066 τοῖς
1976 3021 2155 3075 ἰάμβοις
2194 3022 2332 3075 λέγω,

300 3119 309 3128 .
334 3082 463 3128 ..εἰς
495 3083 605 3125 ὄνον
642 3082 801 3125 θέντες
841 3081 1043 3125 εἴδωλον
1085 3084 1192 3124 θεᾶς
1235 3082 1395 3123 αὐτῶν
1435 3085 1520 3135 τῆς
1552 3082 1691 3125 εΡέας
1729 3081 1987 3133 τυμπάνοις
2023 3079 2332 3135 περιήρχοντο

303 3142 388 3184 τὰς
419 3141 580 3192 κώμας
611 3142 971 3194 προςαιτοῡντες
992 3169 1002 3179 .
1022 3170 1058 3179 ..
1086 3139 1286 3181 ἄκουςον
1317 3140 1392 3180 καὶ
1427 3138 1626 3193 Βαβρίου
1669 3138 1719 3181 δέ
1751 3150 1899 3180 τινων
1928 3138 2097 3190 χωλῶν
2127 3135 2332 3189 ἰάμβων·

300 3199 488 3250 γάλλοις
517 3198 612 3239 κτλ.
644 3220 695 3227 -
729 3199 840 3237 3-4
869 3197 1034 3238 Natalis
1057 3197 1212 3237 Comes
1236 3197 1283 3235 in
1302 3197 1544 3250 Mytholog.
1566 3198 1641 3248 IX,
1665 3198 1690 3237 5
1713 3196 1766 3236 de
1785 3195 1908 3236 Rhea
1927 3208 1970 3248 p.
1989 3195 2072 3235 968
2101 3194 2186 3246 (ed.
2207 3194 2332 3242 1619)

302 3254 424 3300 0241
455 3254 709 3295 Lachmann
732 3256 812 3294 126
840 3254 1068 3295 Eberhard
1094 3255 1173 3293 127
1211 3271 1268 3280 —
1307 3255 1344 3292 2.
1381 3255 1415 3294 1.
1451 3253 1479 3296 Ι.
1509 3254 1661 3294 fabula
1690 3253 1799 3293 haec
1826 3254 1938 3292 inter
1967 3264 2040 3292 eas
2069 3263 2181 3304 quae
2210 3251 2266 3290 ab
2296 3249 2332 3292 O

302 3313 446 3352 littera
464 3313 680 3364 incipiunt
700 3311 929 3351 conlocata
1064 3312 1089 3350 3
1122 3309 1186 3351 ὡς
1218 3307 1406 3364 εἰςφέρῃ
1438 3309 1483 3364 G]
1518 3310 1639 3352 ὅςτις
1671 3309 1792 3364 φέρῃ
1824 3308 1992 3349 Natalis
2018 3308 2174 3348 Comes
2205 3306 2332 3348 ὅπως

303 3366 472 3422 φέροιῬ
502 3367 731 3408 Eberhard
834 3369 1110 3420 λεωργοῖςιν
1144 3365 1193 3419 G]
1227 3367 1556 3420 πανούργοιςιν
1586 3368 1754 3408 Natalis
1785 3366 1942 3407 Comes
1971 3366 2332 3417 παντουργοῑςιν

301 3425 456 3466 Nauck
570 3427 597 3464 4
629 3424 739 3466 ἄκος
767 3422 965 3477 Bentley]
1000 3423 1136 3465 ςάκος
1166 3423 1334 3463 Natalis
1367 3425 1546 3475 Comes,
1579 3426 1652 3476 qui
1681 3425 1811 3464 vertit
1839 3422 2021 3462 ‘scutum
2047 3425 2098 3461 ut
2126 3421 2257 3462 ferat.
2275 3449 2285 3460 .
2304 3419 2332 3458 .'

301 3480 362 3522 τὰ
391 3483 476 3533 τῆς
506 3480 776 3536 Lachmann]
816 3482 962 3533 κακῆς
992 3481 1161 3520 Natalis
1193 3480 1349 3521 Comes
1380 3482 1455 3533 qui
1483 3482 1613 3521 vertit
1646 3481 1762 3521 ‘artis
1799 3484 1841 3520 et
1866 3477 2011 3519 >malae
2039 3477 2160 3518 vasa'
2190 3477 2245 3517 cf.
2275 3474 2332 3517 τὰ

305 3538 440 3590 ςκεύη
469 3536 751 3580 ἐπιτιθέντες
773 3537 802 3582 G
918 3539 942 3577 6
972 3536 1214 3589 περιόντες
1236 3537 1411 3577 Dobree
1442 3537 1569 3587 (Add.
1593 3537 1648 3577 ad
1666 3537 1841 3577 Plutum
1861 3549 1903 3588 p.
1925 3532 2043 3588 135)]
2075 3532 2332 3588 περιιόντες

302 3596 480 3635 Tzetzes
610 3593 886 3646 ἐλεγείνουςι
908 3592 956 3647 G]
990 3593 1149 3645 ἔλεγον
1171 3594 1349 3633 Tzetzes
1381 3592 1585 3645 ἐλέγοντ’
1607 3590 1754 3650 (ὄψα)
1774 3592 2026 3633 Lachmann
2055 3591 2203 3644 ᾔτουν
2225 3585 2332 3644 (ᾖα)

301 3651 448 3705 Bergk
579 3653 602 3691 7
634 3652 793 3692 ‘malim
822 3652 970 3704 legere
1002 3647 1137 3692 εἶδεν’
1169 3650 1308 3690 Boiss.
1456 3653 1636 3691 10—15
1666 3655 1766 3691 rest.
1799 3647 1845 3703 G]
1879 3647 2192 3702 Μηναγύρται
2223 3645 2332 3686 ὄνον

305 3707 494 3759 ἔχοντες
537 3708 695 3761 τούτῳ
740 3706 963 3750 εἰώθεςαν
1008 3705 1068 3747 τὰ
1113 3705 1250 3757 ςκεύη
1299 3705 1581 3749 ἐπιτιθέντες
1626 3706 1906 3759 ὁδοιπορεῖν.
1966 3704 2042 3746 καὶ
2088 3701 2332 3754 δήποτε

305 3762 715 3806 ἀποθανόντος
758 3764 905 3806 αὐτοῦ
946 3762 1037 3804 ὑπὸ
1078 3765 1162 3804 τοῦ
1206 3762 1352 3804 κόπου
1393 3761 1686 3816 ἐκδείραντες
1726 3761 1874 3804 αὐτὸν
1905 3761 1956 3803 ἐκ
1984 3762 2071 3802 τοῦ
2104 3758 2332 3813 δέρματος
