2332 4134
630 553 796 604 Λύκος
833 552 1018 617 παρῄει
1057 550 1283 612 θριγκόν,
1323 550 1472 600 ἐνθεν
1511 550 1739 613 ἐκκύψας

629 638 834 701 ἀρνειὸς
872 636 1035 687 αὐτὸν
1073 635 1215 696 ἔλεγε
1254 635 1421 686 πολλὰ
1462 635 1788 699 βλαςφήμως.

625 722 861 774 κάκεῖνος
899 720 1013 773 εἶπε
1051 720 1144 772 τὰς
1183 720 1423 781 ςιαγόνας
1461 720 1657 783 πρίων·

627 807 673 859 εὁ
713 806 877 858 τόπος
913 804 961 869 μ’
1001 805 1323 868 ἐλοιδόρηςε·
1363 805 1428 867 μὴ
1469 805 1525 856 ςὺ
1564 798 1827 871 καυχήςῃ.’

698 892 749 959 [ὁ
791 895 951 956 μῦθος
991 889 1163 955 ὀρθῶς
1201 893 1319 942 πᾶςι
1355 893 1512 941 τοῦτο
1552 890 1744 953 μηνύει,
2288 882 2323 943 5'

628 978 801 1042 μηδεὶς
839 977 923 1029 διὰ
962 977 1144 1039 καιρὸν
1183 975 1372 1038 ἰςχύων
1409 992 1454 1025 τι
1491 973 1842 1042 γαυρούςθω]
2324 981 2329 986 ’

459 1079 780 1140 Κατάλληλος
819 1076 848 1128 ὁ
888 1079 1049 1140 μῦθος
1086 1078 1194 1127 τοῖς
1233 1076 1317 1126 διὰ
1356 1075 1642 1138 περίςταςιν
1680 1075 1762 1127 καὶ
1787 1074 1956 1127 τόπον
1990 1074 2121 1128 κατὰ
2150 1075 2326 1140 τύχην

290 1169 394 1217 τῶν
433 1163 808 1225 δυνατωτέρων
846 1161 1315 1224 κατεπαιρομένοις.

625 1440 771 1492 Λέων
808 1438 923 1491 ποτ’
963 1437 1307 1502 ἐπεβούλευεν
1346 1437 1509 1505 ἀγρίῳ
1548 1438 1740 1506 ταύρῳ.

625 1526 707 1576 καὶ
745 1524 1108 1588 προςποιηθεὶς
1146 1524 1295 1586 μητρὶ
1331 1526 1391 1589 τῇ
1433 1526 1569 1574 θεῶν
1608 1524 1748 1575 θύειν

626 1612 719 1663 τὸν
756 1613 952 1673 ταῦρον
992 1610 1159 1660 ἐλθεῖν
1199 1608 1281 1660 ἐπὶ
1318 1609 1379 1660 τὸ
1420 1612 1632 1661 δεῖπνον
1667 1609 1860 1672 ἠρώτα.

624 1696 858 1749 κάκεῖνος
895 1695 1033 1758 ἥξειν
1071 1693 1214 1746 εἶπεν
1253 1693 1350 1757 οὐχ
1387 1695 1730 1747 ύποπτεύςας.

623 1783 788 1833 ἐλθὼν
827 1783 886 1832 δὲ
923 1781 1006 1831 καὶ
1045 1780 1164 1830 (τὰς
1204 1779 1287 1831 ἐπὶ
1326 1780 1488 1842 θύρας
1528 1780 1820 1832 λεοντείους
2285 1793 2311 1832 5

623 1868 693 1919 ῶς
731 1865 836 1918 εἶδε
875 1868 1068 1929 θερμοῦ
1107 1866 1275 1916 πολλὰ
1313 1865 1495 1927 χαλκία
1531 1866 1716 1928 πλήρη,

622 1952 890 2016 ςφαγίδας,
927 1951 1180 2014 μαχαίρας
1219 1951 1513 2014 βουδόρους
1550 1951 1910 2014 νεοςμήκτους,

623 2038 755 2101 πρὸς
792 2042 852 2104 τῇ
893 2037 1022 2104 θύρῃ
1063 2038 1122 2088 δὲ
1160 2037 1334 2099 μηδέν,
1375 2035 1505 2087 ἀλλὰ
1544 2037 1807 2099 δεςμῶτην

622 2122 1002 2186 ἀλεκτορίςκον,
1043 2121 1191 2187 ᾤχετ’
1230 2122 1299 2174 εἰς
1338 2121 1465 2185 ὄρος
1502 2122 1730 2185 φεύγων.

621 2206 865 2272 ἐμέμφεθ’
902 2207 932 2258 ὁ
971 2208 1106 2258 λέων
1143 2207 1359 2270 ὕςτερον
1398 2206 1726 2268 ςυναντήςας.
2258 2219 2310 2259 10

622 2293 651 2345 ὁ
692 2292 736 2345 δ’
774 2292 966 2356 “ἦλθον’
1004 2291 1115 2344 εἶπε
1155 2291 1253 2344 ‘mi
1291 2293 1352 2344 τὸ
1392 2291 1648 2355 ςύμβολον
1687 2291 1866 2342 δώςω·

620 2378 715 2431 οὐκ
751 2377 815 2441 ἦν
853 2377 1037 2442 ὅμοιον
1076 2381 1212 2441 θῦμα
1248 2382 1323 2444 τῶ
1363 2375 1684 2443 μαγειρείῳ;’

451 2476 508 2529 Ὁ
555 2480 717 2541 μῦθος
763 2477 896 2541 ἡμᾶς
946 2477 1332 2542 ὑπομιμνήςκει,
1390 2477 1451 2528 τὸ
1501 2476 1649 2528 ἐπιὸν
1697 2475 1908 2528 πάντως
1957 2475 2133 2529 δεινὸν
2178 2493 2306 2540 προ-

282 2563 531 2626 ορῶντας,
570 2564 813 2624 μηδαμῶς
850 2562 1053 2625 ἀμελεῖν
1090 2565 1180 2625 τῆς
1218 2562 1422 2614 ἑαυτῶν
1459 2561 1727 2624 ςωτηρίας.

619 2839 766 2890 Λέων
804 2838 962 2890 ἁλοὺς
1000 2838 1156 2902 ἔρωτι
1192 2839 1378 2890 παιδὸς
1418 2838 1612 2902 ῶραίης

617 2923 758 2986 παρὰ
796 2923 994 2986 πατρὸς
1034 2923 1321 2986 ἐμνήςτευε.
1360 2928 1434 2991 τῷ
1473 2923 1518 2975 δ’
1558 2923 1588 2975 ὁ
1627 2922 1911 2987 πρεςβύτης

618 3008 774 3060 οὐδέν
811 3026 856 3059 τι
894 3009 1117 3060 δύςνουν
1155 3008 1268 3060 οὐδ’
1303 3009 1539 3060 ὕπουλον
1578 3008 1813 3073 ἐμφήνας

446 3207 508 3251 96
551 3206 585 3251 Α
628 3210 752 3247 1-3
793 3207 1038 3261 (τριγχός),
1078 3210 1103 3247 3
1146 3206 1331 3261 (πρίων)
1375 3207 1406 3252 8
1449 3209 1546 3252 381
1577 3225 1632 3245 .--·
1664 3207 1818 3252 81394
1858 3207 1951 3251 1³75
1980 3222 2036 3243 =
2070 3203 2101 3250 G
2139 3218 2182 3259 p.
2213 3205 2297 3245 337

280 3264 496 3311 c1391-3
525 3283 583 3293 —
614 3267 634 3303 1
662 3263 852 3317 τριγχόν
874 3263 905 3308 8
993 3264 1200 3316 ἐγκύψας
1226 3265 1261 3308 Α
1283 3265 1567 3319 παρακύψας
1590 3266 1622 3309 Β
1646 3265 1932 3319 προκύπτων
1955 3262 2016 3308 63
2075 3293 2078 3296 -
2101 3265 2127 3303 2
2159 3262 2214 3302 cf.
2237 3259 2298 3306 02

287 3353 296 3361 .
315 3353 324 3362 .
343 3353 352 3362 .
371 3354 379 3362 .
400 3321 606 3364 έςκωπτε
636 3322 712 3362 καὶ
743 3319 905 3374 θηρίον
935 3321 1078 3362 λακὸν
1110 3320 1328 3364 ἀπεκάλει
1359 3323 1435 3363 καὶ
1467 3322 1715 3376 ὠμοβόρον
1747 3327 1790 3363 et
1810 3320 1870 3367 03
1897 3351 1907 3360 .
1924 3351 1935 3360 .
1954 3351 1964 3360 .
1982 3318 2125 3374 ἀρνὸς
2157 3318 2297 3362 ἔςκω·

277 3392 391 3422 πτεν
421 3378 562 3420 λύκον
594 3376 667 3419 Ὡς
698 3377 878 3432 ἐχθρὸν,
911 3378 975 3419 ῶς
1005 3376 1243 3428 κάκιςτον,
1277 3379 1343 3420 ὡς
1377 3379 1543 3430 μεςτὸν
1576 3379 1741 3432 φόνου.
1786 3383 1832 3420 at
1860 3378 1973 3419 nihil
2001 3375 2298 3430 supplendum

276 3442 374 3489 post
402 3450 443 3475 v.
474 3437 512 3486 2,
542 3436 588 3475 id
619 3435 734 3488 quod
764 3435 903 3475 voluit
930 3434 1237 3475 Lachmannus
1354 3435 1505 3491 [5—6]
1539 3436 1566 3479 L
1598 3437 1806 3476 Duebner
1893 3435 2018 3488 epim.
2050 3432 2230 3487 τρόπον
2263 3430 2298 3475 Α

445 3491 505 3534 97
537 3493 570 3536 Α
602 3491 694 3535 1792
725 3508 779 3527 --
811 3490 840 3536 0
870 3504 911 3543 p.
933 3493 1016 3531 377
1055 3489 1208 3534 02271
1238 3507 1294 3527 =
1321 3492 1433 3545 Aug.
1458 3495 1536 3533 141
1575 3492 1729 3537 (22272
1774 3511 1832 3522 -
1875 3494 1901 3532 2
1930 3493 1989 3545 τῇ
2020 3486 2294 3541 Lachmann]

277 3551 377 3590 τῶν
407 3547 442 3591 Α
557 3551 581 3588 6
611 3548 774 3600 χάλκια
806 3548 834 3590 L
864 3546 1083 3601 Duebner]
1116 3549 1309 3599 χαλκεῖα
1339 3548 1373 3592 Α
1489 3551 1514 3589 8
1546 3549 1665 3603 θύρᾳ
1696 3549 1730 3592 Α
1829 3547 1945 3591 ἀλλὰ
1974 3543 2297 3599 Schneidewin]

278 3604 375 3647 ἀλλ’
405 3605 433 3656 ἢ
466 3603 500 3648 Α
617 3608 666 3645 12
697 3604 783 3647 Οὐκ
813 3603 864 3657 Α]
897 3603 1032 3646 πάντ’
1052 3605 1253 3657 Hartung
1367 3605 1529 3658 ὅμοιον
1560 3605 1611 3660 Α]
1645 3606 1831 3658 ἕτοιμον
1861 3606 1918 3647 Η.
1947 3604 2171 3645 Hermann
2199 3602 2296 3656 ὁρῶ

276 3661 678 3762 γὲρθιδαταςᾶεευὴν
703 3661 789 3714 οὐχ
811 3661 875 3730 ὡς
897 3657 959 3703 εἰς
970 3660 1231 3770 ὃπ]ρόβατον,
1250 3660 1447 3762 ,ἀλλλώς
1468 3661 1534 3706 εἰς
1553 3666 1731 3717 ταῦρον
1751 3660 2101 3716 ήτοιμαςμένην
2122 3658 2151 3702 Ι·“
2172 3657 2297 3704 (21-2

277 3731 305 3760 τ
458 3730 486 3758 α
700 3731 726 3759 α
760 3731 799 3761 ει
832 3730 935 3767 ειω;
1087 3730 1115 3759 α
1149 3732 1187 3760 ει
1221 3731 1314 3761 ειω.

426 3730 506 3818 μ98
538 3774 570 3818 Α
593 3731 696 3818 37sst
722 3731 843 3818 gnpo
863 3758 917 3811 —-'-
940 3771 970 3816 0
989 3789 1031 3828 p.
1052 3731 1146 3815 :⁵3²va
1167 3732 1319 3819 1:92211
1342 3793 1395 3811 =
1417 3777 1529 3830 Aug.
1552 3777 1631 3817 138
1663 3773 1881 3821 82212—5
1908 3794 1966 3804 -
2005 3775 2027 3814 1
2060 3769 2239 3827 ὡραίας
2260 3770 2296 3816 Α
