<?xml version="1.0" encoding="UTF-8"?>
<!DOCTYPE html PUBLIC "-//W3C//DTD XHTML 1.0 Transitional//EN"
    "http://www.w3.org/TR/xhtml1/DTD/xhtml1-transitional.dtd">
<html xmlns="http://www.w3.org/1999/xhtml" xml:lang="en" lang="en">
 <head>
  <title>
</title>
<meta http-equiv="Content-Type" content="text/html;charset=utf-8" />
  <meta name='ocr-system' content='tesseract 3.04.00' />
  <meta name='ocr-capabilities' content='ocr_page ocr_carea ocr_par ocr_line ocrx_word'/>
</head>
<body>
  <div class='ocr_page' id='page_1' title='image "babriifabulae00babruoft_0032.png"; bbox 0 0 2332 4134; ppageno 0'>
   <div class='ocr_carea' id='block_1_1' title="bbox 1059 307 1415 358">
    <p class='ocr_par' dir='ltr' id='par_1_1' title="bbox 1059 307 1415 358">
     <span class='ocr_line' id='line_1_1' title="bbox 1059 307 1415 358; baseline -0.008 -13"><span class='ocrx_word' id='word_1_1' title='bbox 1059 307 1415 358; x_wconf 74' lang='lat'>-20-</span> 
     </span>
    </p>
   </div>
   <div class='ocr_carea' id='block_1_2' title="bbox 224 446 2332 1373">
    <p class='ocr_par' dir='ltr' id='par_1_2' title="bbox 557 446 1689 515">
     <span class='ocr_line' id='line_1_2' title="bbox 557 446 1689 515; baseline -0.011 -8"><span class='ocrx_word' id='word_1_2' title='bbox 557 456 734 508; x_wconf 90' lang='grc' dir='ltr'>δίδωςι</span> <span class='ocrx_word' id='word_1_3' title='bbox 774 454 924 515; x_wconf 87' lang='grc' dir='ltr'>ςεμνὴ</span> <span class='ocrx_word' id='word_1_4' title='bbox 967 450 1242 514; x_wconf 83' lang='grc' dir='ltr'>Κύπρις,·ἢ</span> <span class='ocrx_word' id='word_1_5' title='bbox 1280 447 1467 500; x_wconf 88' lang='grc' dir='ltr'>πόθων</span> <span class='ocrx_word' id='word_1_6' title='bbox 1506 446 1689 510; x_wconf 84' lang='grc' dir='ltr'>μήτηρ,</span> 
     </span>
    </p>

    <p class='ocr_par' dir='ltr' id='par_1_3' title="bbox 555 531 1706 604">
     <span class='ocr_line' id='line_1_3' title="bbox 555 531 1706 604; baseline -0.009 -12"><span class='ocrx_word' id='word_1_7' title='bbox 555 541 768 604; x_wconf 88' lang='grc' dir='ltr'>μορφὴν</span> <span class='ocrx_word' id='word_1_8' title='bbox 807 539 1022 601; x_wconf 86' lang='grc' dir='ltr'>ἀμεῖψαι</span> <span class='ocrx_word' id='word_1_9' title='bbox 1061 537 1144 588; x_wconf 85' lang='grc' dir='ltr'>καὶ</span> <span class='ocrx_word' id='word_1_10' title='bbox 1182 536 1358 598; x_wconf 81' lang='grc' dir='ltr'>λαβεῖν</span> <span class='ocrx_word' id='word_1_11' title='bbox 1395 531 1706 594; x_wconf 81' lang='grc' dir='ltr'>γυναικείην,</span> 
     </span>
    </p>

    <p class='ocr_par' dir='ltr' id='par_1_4' title="bbox 560 618 2332 688">
     <span class='ocr_line' id='line_1_4' title="bbox 560 618 2332 688; baseline -0.006 -10"><span class='ocrx_word' id='word_1_12' title='bbox 560 629 718 688; x_wconf 89' lang='grc' dir='ltr'>καλῆς</span> <span class='ocrx_word' id='word_1_13' title='bbox 755 623 1015 686; x_wconf 90' lang='grc' dir='ltr'>γυναικός,</span> <span class='ocrx_word' id='word_1_14' title='bbox 1053 621 1115 684; x_wconf 81' lang='grc' dir='ltr'>ἧς</span> <span class='ocrx_word' id='word_1_15' title='bbox 1152 621 1228 672; x_wconf 92' lang='grc' dir='ltr'>τίς</span> <span class='ocrx_word' id='word_1_16' title='bbox 1267 620 1331 672; x_wconf 86' lang='grc' dir='ltr'>οὐ</span> <span class='ocrx_word' id='word_1_17' title='bbox 1371 620 1528 682; x_wconf 89' lang='grc' dir='ltr'>κιχὼν</span> <span class='ocrx_word' id='word_1_18' title='bbox 1566 618 1696 681; x_wconf 68' lang='grc' dir='ltr'>ἤραὲ,</span> <span class='ocrx_word' id='word_1_19' title='bbox 2329 672 2332 674; x_wconf 56' lang='grc'>,</span> 
     </span>
    </p>

    <p class='ocr_par' dir='ltr' id='par_1_5' title="bbox 558 703 2332 771">
     <span class='ocr_line' id='line_1_5' title="bbox 558 703 2332 771; baseline -0.008 -8"><span class='ocrx_word' id='word_1_20' title='bbox 558 712 686 763; x_wconf 84' lang='grc' dir='ltr'>ἰδὼν</span> <span class='ocrx_word' id='word_1_21' title='bbox 725 709 771 762; x_wconf 77' lang='grc' dir='ltr'>δ’</span> <span class='ocrx_word' id='word_1_22' title='bbox 812 710 1007 761; x_wconf 90' lang='grc' dir='ltr'>ἐκεῖνος</span> <span class='ocrx_word' id='word_1_23' title='bbox 1048 707 1127 771; x_wconf 82' lang='grc' dir='ltr'>(ἐν</span> <span class='ocrx_word' id='word_1_24' title='bbox 1165 707 1305 770; x_wconf 84' lang='grc' dir='ltr'>μέρει</span> <span class='ocrx_word' id='word_1_25' title='bbox 1342 705 1443 768; x_wconf 86' lang='grc' dir='ltr'>γὰρ</span> <span class='ocrx_word' id='word_1_26' title='bbox 1480 703 1687 766; x_wconf 82' lang='grc' dir='ltr'>ἡλώκει)</span> <span class='ocrx_word' id='word_1_27' title='bbox 2239 711 2264 749; x_wconf 99' lang='lat'><strong>5</strong></span> <span class='ocrx_word' id='word_1_28' title='bbox 2328 738 2332 742; x_wconf 94' lang='lat'>.</span> 
     </span>
    </p>

    <p class='ocr_par' dir='ltr' id='par_1_6' title="bbox 555 788 1759 859">
     <span class='ocr_line' id='line_1_6' title="bbox 555 788 1759 859; baseline -0.007 -12"><span class='ocrx_word' id='word_1_29' title='bbox 555 798 735 859; x_wconf 80' lang='grc' dir='ltr'>γαμεῖν</span> <span class='ocrx_word' id='word_1_30' title='bbox 773 793 999 857; x_wconf 90' lang='grc' dir='ltr'>ἔμελλεν.</span> <span class='ocrx_word' id='word_1_31' title='bbox 1039 792 1269 856; x_wconf 84' lang='grc' dir='ltr'>ἠρμένου</span> <span class='ocrx_word' id='word_1_32' title='bbox 1309 791 1369 842; x_wconf 79' lang='grc' dir='ltr'>δὲ</span> <span class='ocrx_word' id='word_1_33' title='bbox 1407 793 1503 842; x_wconf 84' lang='grc' dir='ltr'>τοῦ</span> <span class='ocrx_word' id='word_1_34' title='bbox 1543 788 1759 841; x_wconf 82' lang='grc' dir='ltr'>δείπνου</span> 
     </span>
    </p>

    <p class='ocr_par' dir='ltr' id='par_1_7' title="bbox 557 874 1824 945">
     <span class='ocr_line' id='line_1_7' title="bbox 557 874 1824 945; baseline -0.008 -12"><span class='ocrx_word' id='word_1_35' title='bbox 557 882 892 945; x_wconf 81' lang='grc' dir='ltr'>παρέδραμεν</span> <span class='ocrx_word' id='word_1_36' title='bbox 930 882 1051 942; x_wconf 85' lang='grc' dir='ltr'>μῦς·</span> <span class='ocrx_word' id='word_1_37' title='bbox 1090 878 1186 929; x_wconf 86' lang='grc' dir='ltr'>τὸν</span> <span class='ocrx_word' id='word_1_38' title='bbox 1226 879 1286 929; x_wconf 79' lang='grc' dir='ltr'>δὲ</span> <span class='ocrx_word' id='word_1_39' title='bbox 1323 879 1414 939; x_wconf 83' lang='grc' dir='ltr'>τῆς</span> <span class='ocrx_word' id='word_1_40' title='bbox 1454 874 1824 939; x_wconf 88' lang='grc' dir='ltr'>βαθυςτρώτου</span> 
     </span>
    </p>

    <p class='ocr_par' dir='ltr' id='par_1_8' title="bbox 558 961 1668 1030">
     <span class='ocr_line' id='line_1_8' title="bbox 558 961 1668 1030; baseline -0.006 -12"><span class='ocrx_word' id='word_1_41' title='bbox 558 969 823 1030; x_wconf 86' lang='grc' dir='ltr'>καταβᾶςα</span> <span class='ocrx_word' id='word_1_42' title='bbox 861 964 1034 1026; x_wconf 92' lang='grc' dir='ltr'>κοίτης</span> <span class='ocrx_word' id='word_1_43' title='bbox 1081 962 1365 1015; x_wconf 78' lang='grc' dir='ltr'>ἐπεδίωκεν</span> <span class='ocrx_word' id='word_1_44' title='bbox 1403 961 1434 1024; x_wconf 86' lang='grc' dir='ltr'><strong>ἡ</strong></span> <span class='ocrx_word' id='word_1_45' title='bbox 1473 961 1668 1025; x_wconf 86' lang='grc' dir='ltr'>νύμφη.</span> 
     </span>
    </p>

    <p class='ocr_par' dir='ltr' id='par_1_9' title="bbox 555 1034 1749 1114">
     <span class='ocr_line' id='line_1_9' title="bbox 555 1034 1749 1114; baseline -0.006 -11"><span class='ocrx_word' id='word_1_46' title='bbox 555 1051 725 1114; x_wconf 82' lang='grc' dir='ltr'>γάμου</span> <span class='ocrx_word' id='word_1_47' title='bbox 766 1051 826 1102; x_wconf 80' lang='grc' dir='ltr'>δὲ</span> <span class='ocrx_word' id='word_1_48' title='bbox 865 1050 1012 1111; x_wconf 89' lang='grc' dir='ltr'>δαιτὴ</span> <span class='ocrx_word' id='word_1_49' title='bbox 1052 1049 1236 1100; x_wconf 90' lang='grc' dir='ltr'>λέλυτο</span> <span class='ocrx_word' id='word_1_50' title='bbox 1276 1034 1525 1110; x_wconf 78' lang='grc' dir='ltr'>χαὶκαλὸς</span> <span class='ocrx_word' id='word_1_51' title='bbox 1564 1046 1749 1097; x_wconf 79' lang='grc' dir='ltr'>παίξας</span> 
     </span>
    </p>

    <p class='ocr_par' dir='ltr' id='par_1_10' title="bbox 557 1131 2268 1201">
     <span class='ocr_line' id='line_1_10' title="bbox 557 1131 2268 1201; baseline -0.006 -14"><span class='ocrx_word' id='word_1_52' title='bbox 557 1137 732 1199; x_wconf 87' lang='grc' dir='ltr'>Ἔρως</span> <span class='ocrx_word' id='word_1_53' title='bbox 771 1134 998 1197; x_wconf 86' lang='grc' dir='ltr'>ἀπῆλθε·</span> <span class='ocrx_word' id='word_1_54' title='bbox 1038 1138 1100 1201; x_wconf 89' lang='grc' dir='ltr'>τῇ</span> <span class='ocrx_word' id='word_1_55' title='bbox 1140 1133 1291 1197; x_wconf 89' lang='grc' dir='ltr'>φύςει</span> <span class='ocrx_word' id='word_1_56' title='bbox 1328 1132 1428 1195; x_wconf 86' lang='grc' dir='ltr'>γὰρ</span> <span class='ocrx_word' id='word_1_57' title='bbox 1469 1131 1679 1194; x_wconf 82' lang='grc' dir='ltr'>ἡττήθη.</span> <span class='ocrx_word' id='word_1_58' title='bbox 2216 1138 2268 1176; x_wconf 89' lang='lat'>10</span> 
     </span>
    </p>

    <p class='ocr_par' dir='ltr' id='par_1_11' title="bbox 389 1213 2269 1286">
     <span class='ocr_line' id='line_1_11' title="bbox 389 1213 2269 1286; baseline -0.006 -12"><span class='ocrx_word' id='word_1_59' title='bbox 389 1222 538 1286; x_wconf 91' lang='grc' dir='ltr'>Πρὸς</span> <span class='ocrx_word' id='word_1_60' title='bbox 576 1221 700 1272; x_wconf 85' lang='grc' dir='ltr'>τοὺς</span> <span class='ocrx_word' id='word_1_61' title='bbox 738 1220 832 1283; x_wconf 85' lang='grc' dir='ltr'>τὴν</span> <span class='ocrx_word' id='word_1_62' title='bbox 871 1221 1024 1284; x_wconf 86' lang='grc' dir='ltr'>φύειν</span> <span class='ocrx_word' id='word_1_63' title='bbox 1063 1221 1171 1270; x_wconf 83' lang='grc' dir='ltr'>τῶν</span> <span class='ocrx_word' id='word_1_64' title='bbox 1208 1217 1534 1282; x_wconf 82' lang='grc' dir='ltr'>πραγμάτων</span> <span class='ocrx_word' id='word_1_65' title='bbox 1573 1216 1707 1280; x_wconf 84' lang='grc' dir='ltr'>ὁρᾶν</span> <span class='ocrx_word' id='word_1_66' title='bbox 1747 1215 1818 1267; x_wconf 81' lang='grc' dir='ltr'>ῶς</span> <span class='ocrx_word' id='word_1_67' title='bbox 1856 1213 1961 1277; x_wconf 87' lang='grc' dir='ltr'>ἔχει</span> <span class='ocrx_word' id='word_1_68' title='bbox 1987 1214 2054 1277; x_wconf 88' lang='grc' dir='ltr'>μὴ</span> <span class='ocrx_word' id='word_1_69' title='bbox 2083 1213 2269 1277; x_wconf 92' lang='grc' dir='ltr'>βουλο-</span> 
     </span>
    </p>

    <p class='ocr_par' dir='ltr' id='par_1_12' title="bbox 224 1297 2268 1373">
     <span class='ocr_line' id='line_1_12' title="bbox 224 1297 2268 1373; baseline -0.005 -13"><span class='ocrx_word' id='word_1_70' title='bbox 224 1309 427 1370; x_wconf 90' lang='grc' dir='ltr'>μένους,</span> <span class='ocrx_word' id='word_1_71' title='bbox 464 1310 524 1372; x_wconf 83' lang='grc' dir='ltr'>τῇ</span> <span class='ocrx_word' id='word_1_72' title='bbox 565 1308 624 1358; x_wconf 81' lang='grc' dir='ltr'>δ“ε</span> <span class='ocrx_word' id='word_1_73' title='bbox 661 1307 868 1358; x_wconf 90' lang='grc' dir='ltr'>τούτων</span> <span class='ocrx_word' id='word_1_74' title='bbox 906 1305 1165 1373; x_wconf 87' lang='grc' dir='ltr'>φανταςίᾳ</span> <span class='ocrx_word' id='word_1_75' title='bbox 1203 1303 1579 1366; x_wconf 90' lang='grc' dir='ltr'>πλανωμένους</span> <span class='ocrx_word' id='word_1_76' title='bbox 1618 1301 1833 1363; x_wconf 91' lang='grc' dir='ltr'>ἔλεγχον</span> <span class='ocrx_word' id='word_1_77' title='bbox 1871 1299 1901 1351; x_wconf 90' lang='grc' dir='ltr'>ὁ</span> <span class='ocrx_word' id='word_1_78' title='bbox 1948 1301 2112 1362; x_wconf 86' lang='grc' dir='ltr'>μῦθος</span> <span class='ocrx_word' id='word_1_79' title='bbox 2148 1297 2268 1361; x_wconf 86' lang='grc' dir='ltr'>ἔχει.</span> 
     </span>
    </p>
   </div>
   <div class='ocr_carea' id='block_1_3' title="bbox 552 1541 2274 3150">
    <p class='ocr_par' dir='ltr' id='par_1_13' title="bbox 557 1541 1891 1611">
     <span class='ocr_line' id='line_1_13' title="bbox 557 1541 1891 1611; baseline -0.005 -11"><span class='ocrx_word' id='word_1_80' title='bbox 557 1549 761 1611; x_wconf 90' lang='grc' dir='ltr'>Δυςμαὶ</span> <span class='ocrx_word' id='word_1_81' title='bbox 801 1550 895 1611; x_wconf 79' lang='grc' dir='ltr'>μὲν</span> <span class='ocrx_word' id='word_1_82' title='bbox 932 1546 1061 1610; x_wconf 87' lang='grc' dir='ltr'>ἦςαν</span> <span class='ocrx_word' id='word_1_83' title='bbox 1099 1545 1394 1606; x_wconf 83' lang='grc' dir='ltr'>Πλειάδων,</span> <span class='ocrx_word' id='word_1_84' title='bbox 1435 1544 1637 1607; x_wconf 90' lang='grc' dir='ltr'>ςπόρου</span> <span class='ocrx_word' id='word_1_85' title='bbox 1677 1541 1724 1594; x_wconf 78' lang='grc' dir='ltr'>δ’</span> <span class='ocrx_word' id='word_1_86' title='bbox 1762 1541 1891 1605; x_wconf 90' lang='grc' dir='ltr'>ὥρη,</span> 
     </span>
    </p>

    <p class='ocr_par' dir='ltr' id='par_1_14' title="bbox 558 1628 1759 1697">
     <span class='ocr_line' id='line_1_14' title="bbox 558 1628 1759 1697; baseline -0.005 -12"><span class='ocrx_word' id='word_1_87' title='bbox 558 1633 640 1685; x_wconf 90' lang='grc' dir='ltr'>καί</span> <span class='ocrx_word' id='word_1_88' title='bbox 677 1650 753 1685; x_wconf 92' lang='grc' dir='ltr'>τις</span> <span class='ocrx_word' id='word_1_89' title='bbox 790 1633 1029 1697; x_wconf 88' lang='grc' dir='ltr'>γεωργὸς</span> <span class='ocrx_word' id='word_1_90' title='bbox 1067 1632 1239 1695; x_wconf 88' lang='grc' dir='ltr'>πυρὸν</span> <span class='ocrx_word' id='word_1_91' title='bbox 1278 1631 1349 1682; x_wconf 91' lang='grc' dir='ltr'>εἰς</span> <span class='ocrx_word' id='word_1_92' title='bbox 1386 1630 1511 1682; x_wconf 88' lang='grc' dir='ltr'>νεὸν</span> <span class='ocrx_word' id='word_1_93' title='bbox 1549 1628 1759 1692; x_wconf 88' lang='grc' dir='ltr'>ςπείρας</span> 
     </span>
    </p>

    <p class='ocr_par' dir='ltr' id='par_1_15' title="bbox 562 1714 1810 1782">
     <span class='ocr_line' id='line_1_15' title="bbox 562 1714 1810 1782; baseline -0.005 -12"><span class='ocrx_word' id='word_1_94' title='bbox 562 1718 849 1782; x_wconf 91' lang='grc' dir='ltr'>ἐφύλαςςεν</span> <span class='ocrx_word' id='word_1_95' title='bbox 889 1718 1071 1769; x_wconf 84' lang='grc' dir='ltr'>ἑςτώς·</span> <span class='ocrx_word' id='word_1_96' title='bbox 1113 1718 1195 1768; x_wconf 87' lang='grc' dir='ltr'>καὶ</span> <span class='ocrx_word' id='word_1_97' title='bbox 1233 1717 1334 1779; x_wconf 89' lang='grc' dir='ltr'>γὰρ</span> <span class='ocrx_word' id='word_1_98' title='bbox 1376 1714 1589 1778; x_wconf 90' lang='grc' dir='ltr'>ἄκριτον</span> <span class='ocrx_word' id='word_1_99' title='bbox 1627 1715 1810 1776; x_wconf 87' lang='grc' dir='ltr'>πλήθει</span> 
     </span>
    </p>

    <p class='ocr_par' dir='ltr' id='par_1_16' title="bbox 552 1801 1672 1868">
     <span class='ocr_line' id='line_1_16' title="bbox 552 1801 1672 1868; baseline -0.004 -12"><span class='ocrx_word' id='word_1_100' title='bbox 552 1805 712 1868; x_wconf 88' lang='grc' dir='ltr'>μέλαν</span> <span class='ocrx_word' id='word_1_101' title='bbox 752 1806 978 1855; x_wconf 83' lang='grc' dir='ltr'>κολοιῶν</span> <span class='ocrx_word' id='word_1_102' title='bbox 1016 1803 1170 1855; x_wconf 93' lang='grc' dir='ltr'>ἔθνος</span> <span class='ocrx_word' id='word_1_103' title='bbox 1209 1801 1335 1865; x_wconf 81' lang='grc' dir='ltr'>ἦλθε</span> <span class='ocrx_word' id='word_1_104' title='bbox 1375 1801 1672 1865; x_wconf 87' lang='grc' dir='ltr'>δυςφώνων</span> 
     </span>
    </p>

    <p class='ocr_par' dir='ltr' id='par_1_17' title="bbox 559 1885 2271 2043">
     <span class='ocr_line' id='line_1_17' title="bbox 559 1885 2271 1953; baseline -0.004 -13"><span class='ocrx_word' id='word_1_105' title='bbox 559 1890 726 1953; x_wconf 86' lang='grc' dir='ltr'>ψᾶρές</span> <span class='ocrx_word' id='word_1_106' title='bbox 763 1888 806 1939; x_wconf 84' lang='grc' dir='ltr'>τ’</span> <span class='ocrx_word' id='word_1_107' title='bbox 846 1888 1067 1952; x_wconf 89' lang='grc' dir='ltr'>ὄλεθρος</span> <span class='ocrx_word' id='word_1_108' title='bbox 1106 1887 1416 1951; x_wconf 89' lang='grc' dir='ltr'>ςπερμάτων</span> <span class='ocrx_word' id='word_1_109' title='bbox 1456 1885 1777 1949; x_wconf 89' lang='grc' dir='ltr'>ἀρουραίων.</span> <span class='ocrx_word' id='word_1_110' title='bbox 2246 1895 2271 1933; x_wconf 79' lang='lat'><strong>5</strong></span> 
     </span>
     <span class='ocr_line' id='line_1_18' title="bbox 560 1971 1774 2043; baseline -0.004 -17"><span class='ocrx_word' id='word_1_111' title='bbox 560 1979 635 2043; x_wconf 81' lang='grc' dir='ltr'>τῷ</span> <span class='ocrx_word' id='word_1_112' title='bbox 674 1974 721 2026; x_wconf 83' lang='grc' dir='ltr'>δ’</span> <span class='ocrx_word' id='word_1_113' title='bbox 759 1975 1037 2039; x_wconf 84' lang='grc' dir='ltr'>ἠκολούθει</span> <span class='ocrx_word' id='word_1_114' title='bbox 1083 1972 1380 2038; x_wconf 89' lang='grc' dir='ltr'>ςφενδόνην</span> <span class='ocrx_word' id='word_1_115' title='bbox 1418 1972 1558 2035; x_wconf 91' lang='grc' dir='ltr'>ἔχων</span> <span class='ocrx_word' id='word_1_116' title='bbox 1596 1971 1774 2032; x_wconf 92' lang='grc' dir='ltr'>κοίλην</span> 
     </span>
    </p>

    <p class='ocr_par' dir='ltr' id='par_1_18' title="bbox 560 2057 1640 2123">
     <span class='ocr_line' id='line_1_19' title="bbox 560 2057 1640 2123; baseline -0.005 -12"><span class='ocrx_word' id='word_1_117' title='bbox 560 2060 839 2112; x_wconf 91' lang='grc' dir='ltr'>παιδίςκος.</span> <span class='ocrx_word' id='word_1_118' title='bbox 882 2060 932 2111; x_wconf 77' lang='grc' dir='ltr'>οἱ</span> <span class='ocrx_word' id='word_1_119' title='bbox 971 2062 1030 2112; x_wconf 79' lang='grc' dir='ltr'>δὲ</span> <span class='ocrx_word' id='word_1_120' title='bbox 1068 2062 1237 2123; x_wconf 85' lang='grc' dir='ltr'>ψᾶρες</span> <span class='ocrx_word' id='word_1_121' title='bbox 1277 2059 1334 2110; x_wconf 91' lang='grc' dir='ltr'>ἐκ</span> <span class='ocrx_word' id='word_1_122' title='bbox 1372 2057 1640 2119; x_wconf 90' lang='grc' dir='ltr'>ςυνηθείης</span> 
     </span>
    </p>

    <p class='ocr_par' dir='ltr' id='par_1_19' title="bbox 559 2141 1693 2209">
     <span class='ocr_line' id='line_1_20' title="bbox 559 2141 1693 2209; baseline -0.004 -13"><span class='ocrx_word' id='word_1_123' title='bbox 559 2144 758 2208; x_wconf 85' lang='grc' dir='ltr'>ἤκουον</span> <span class='ocrx_word' id='word_1_124' title='bbox 797 2145 841 2196; x_wconf 85' lang='grc' dir='ltr'>εἰ</span> <span class='ocrx_word' id='word_1_125' title='bbox 877 2146 972 2208; x_wconf 85' lang='grc' dir='ltr'>τὴν</span> <span class='ocrx_word' id='word_1_126' title='bbox 1012 2145 1307 2209; x_wconf 89' lang='grc' dir='ltr'>ςφενδόνην</span> <span class='ocrx_word' id='word_1_127' title='bbox 1346 2141 1464 2194; x_wconf 77' lang='grc' dir='ltr'>ποτ’</span> <span class='ocrx_word' id='word_1_128' title='bbox 1501 2142 1693 2209; x_wconf 77' lang='grc' dir='ltr'>ᾐτήκει,</span> 
     </span>
    </p>

    <p class='ocr_par' dir='ltr' id='par_1_20' title="bbox 561 2228 1792 2296">
     <span class='ocr_line' id='line_1_21' title="bbox 561 2228 1792 2296; baseline -0.004 -14"><span class='ocrx_word' id='word_1_129' title='bbox 561 2231 646 2282; x_wconf 90' lang='grc' dir='ltr'>καὶ</span> <span class='ocrx_word' id='word_1_130' title='bbox 683 2232 805 2294; x_wconf 88' lang='grc' dir='ltr'>πρὶν</span> <span class='ocrx_word' id='word_1_131' title='bbox 845 2234 1019 2295; x_wconf 86' lang='grc' dir='ltr'>βαλεῖν</span> <span class='ocrx_word' id='word_1_132' title='bbox 1057 2231 1302 2296; x_wconf 90' lang='grc' dir='ltr'>ἔφευγον.</span> <span class='ocrx_word' id='word_1_133' title='bbox 1343 2228 1463 2292; x_wconf 85' lang='grc' dir='ltr'>εὗρε</span> <span class='ocrx_word' id='word_1_134' title='bbox 1502 2229 1565 2291; x_wconf 88' lang='grc' dir='ltr'>δὴ</span> <span class='ocrx_word' id='word_1_135' title='bbox 1605 2228 1792 2290; x_wconf 90' lang='grc' dir='ltr'>τέχνην</span> 
     </span>
    </p>

    <p class='ocr_par' dir='ltr' id='par_1_21' title="bbox 562 2312 2274 2464">
     <span class='ocr_line' id='line_1_22' title="bbox 562 2312 2274 2380; baseline -0.005 -12"><span class='ocrx_word' id='word_1_136' title='bbox 562 2315 593 2367; x_wconf 86' lang='grc' dir='ltr'><strong>ὁ</strong></span> <span class='ocrx_word' id='word_1_137' title='bbox 631 2317 867 2380; x_wconf 90' lang='grc' dir='ltr'>γεωργὸς</span> <span class='ocrx_word' id='word_1_138' title='bbox 908 2315 1068 2379; x_wconf 91' lang='grc' dir='ltr'>ἄλλην</span> <span class='ocrx_word' id='word_1_139' title='bbox 1106 2316 1202 2367; x_wconf 90' lang='grc' dir='ltr'>τόν</span> <span class='ocrx_word' id='word_1_140' title='bbox 1240 2332 1296 2367; x_wconf 88' lang='grc' dir='ltr'>τε</span> <span class='ocrx_word' id='word_1_141' title='bbox 1341 2318 1505 2367; x_wconf 92' lang='grc' dir='ltr'>παῖδα</span> <span class='ocrx_word' id='word_1_142' title='bbox 1545 2312 1795 2379; x_wconf 89' lang='grc' dir='ltr'>φωνήςας</span> <span class='ocrx_word' id='word_1_143' title='bbox 2222 2321 2274 2360; x_wconf 84' lang='lat'>10</span> 
     </span>
     <span class='ocr_line' id='line_1_23' title="bbox 563 2395 1814 2464; baseline -0.003 -12"><span class='ocrx_word' id='word_1_144' title='bbox 563 2401 854 2452; x_wconf 89' lang='grc' dir='ltr'>ἐδίδαςκεν·</span> <span class='ocrx_word' id='word_1_145' title='bbox 891 2395 963 2452; x_wconf 60' lang='grc' dir='ltr'>(ὦ</span> <span class='ocrx_word' id='word_1_146' title='bbox 1002 2404 1119 2452; x_wconf 89' lang='grc' dir='ltr'>παῖ·</span> <span class='ocrx_word' id='word_1_147' title='bbox 1160 2402 1255 2464; x_wconf 89' lang='grc' dir='ltr'>χρὴ</span> <span class='ocrx_word' id='word_1_148' title='bbox 1295 2401 1395 2463; x_wconf 87' lang='grc' dir='ltr'>γὰρ</span> <span class='ocrx_word' id='word_1_149' title='bbox 1437 2398 1642 2463; x_wconf 88' lang='grc' dir='ltr'>ὀρνέων</span> <span class='ocrx_word' id='word_1_150' title='bbox 1681 2398 1814 2461; x_wconf 85' lang='grc' dir='ltr'>ἥμας</span> 
     </span>
    </p>

    <p class='ocr_par' dir='ltr' id='par_1_22' title="bbox 563 2485 1731 2550">
     <span class='ocr_line' id='line_1_24' title="bbox 563 2485 1731 2550; baseline -0.002 -13"><span class='ocrx_word' id='word_1_151' title='bbox 563 2487 734 2550; x_wconf 90' lang='grc' dir='ltr'>ςοφὸν</span> <span class='ocrx_word' id='word_1_152' title='bbox 775 2489 999 2538; x_wconf 81' lang='grc' dir='ltr'>δολῶςαι</span> <span class='ocrx_word' id='word_1_153' title='bbox 1039 2489 1236 2550; x_wconf 84' lang='grc' dir='ltr'>φῦλον·</span> <span class='ocrx_word' id='word_1_154' title='bbox 1276 2485 1407 2548; x_wconf 77' lang='grc' dir='ltr'>ἡνίκ’</span> <span class='ocrx_word' id='word_1_155' title='bbox 1447 2485 1512 2536; x_wconf 81' lang='grc' dir='ltr'>ἂν</span> <span class='ocrx_word' id='word_1_156' title='bbox 1550 2485 1731 2535; x_wconf 88' lang='grc' dir='ltr'>τοίνυν</span> 
     </span>
    </p>

    <p class='ocr_par' dir='ltr' id='par_1_23' title="bbox 559 2570 1706 2635">
     <span class='ocr_line' id='line_1_25' title="bbox 559 2570 1706 2635; baseline -0.001 -13"><span class='ocrx_word' id='word_1_157' title='bbox 559 2571 758 2632; x_wconf 76' lang='grc' dir='ltr'>ἔλθως’,</span> <span class='ocrx_word' id='word_1_158' title='bbox 802 2573 905 2633; x_wconf 84' lang='grc' dir='ltr'>ἐγὼ</span> <span class='ocrx_word' id='word_1_159' title='bbox 945 2572 1052 2635; x_wconf 56' lang='grc' dir='ltr'>μέν3</span> <span class='ocrx_word' id='word_1_160' title='bbox 1093 2571 1238 2624; x_wconf 80' lang='grc' dir='ltr'>εἶπεν</span> <span class='ocrx_word' id='word_1_161' title='bbox 1277 2570 1455 2634; x_wconf 65' lang='grc' dir='ltr'>εἄρτον</span> <span class='ocrx_word' id='word_1_162' title='bbox 1496 2570 1706 2633; x_wconf 82' lang='grc' dir='ltr'>αἰτήςω,</span> 
     </span>
    </p>

    <p class='ocr_par' dir='ltr' id='par_1_24' title="bbox 561 2654 1971 2721">
     <span class='ocr_line' id='line_1_26' title="bbox 561 2654 1971 2721; baseline -0.001 -14"><span class='ocrx_word' id='word_1_163' title='bbox 561 2657 618 2707; x_wconf 87' lang='grc' dir='ltr'>ςὺ</span> <span class='ocrx_word' id='word_1_164' title='bbox 657 2656 703 2707; x_wconf 72' lang='grc' dir='ltr'>δ’</span> <span class='ocrx_word' id='word_1_165' title='bbox 743 2659 807 2708; x_wconf 86' lang='grc' dir='ltr'>οὐ</span> <span class='ocrx_word' id='word_1_166' title='bbox 847 2658 942 2708; x_wconf 89' lang='grc' dir='ltr'>τὸν</span> <span class='ocrx_word' id='word_1_167' title='bbox 981 2656 1159 2720; x_wconf 90' lang='grc' dir='ltr'>ἄρτον,</span> <span class='ocrx_word' id='word_1_168' title='bbox 1200 2657 1495 2721; x_wconf 90' lang='grc' dir='ltr'>ςφενδόνην</span> <span class='ocrx_word' id='word_1_169' title='bbox 1536 2658 1594 2709; x_wconf 89' lang='grc' dir='ltr'>δέ</span> <span class='ocrx_word' id='word_1_170' title='bbox 1634 2674 1718 2720; x_wconf 87' lang='grc' dir='ltr'>μοι</span> <span class='ocrx_word' id='word_1_171' title='bbox 1759 2654 1971 2708; x_wconf 76' lang='grc' dir='ltr'>δωςεις.’</span> 
     </span>
    </p>

    <p class='ocr_par' dir='ltr' id='par_1_25' title="bbox 560 2741 2271 2895">
     <span class='ocr_line' id='line_1_27' title="bbox 560 2741 2271 2807; baseline 0.001 -15"><span class='ocrx_word' id='word_1_172' title='bbox 560 2741 610 2792; x_wconf 77' lang='grc' dir='ltr'>οἱ</span> <span class='ocrx_word' id='word_1_173' title='bbox 650 2745 819 2805; x_wconf 85' lang='grc' dir='ltr'>ψᾶρες</span> <span class='ocrx_word' id='word_1_174' title='bbox 857 2741 1022 2805; x_wconf 83' lang='grc' dir='ltr'>ἦλθον</span> <span class='ocrx_word' id='word_1_175' title='bbox 1060 2742 1349 2807; x_wconf 90' lang='grc' dir='ltr'>κάνέμοντο</span> <span class='ocrx_word' id='word_1_176' title='bbox 1388 2745 1484 2806; x_wconf 88' lang='grc' dir='ltr'>τὴν</span> <span class='ocrx_word' id='word_1_177' title='bbox 1521 2744 1714 2806; x_wconf 85' lang='grc' dir='ltr'>χώρην.</span> <span class='ocrx_word' id='word_1_178' title='bbox 2222 2751 2271 2788; x_wconf 83' lang='grc' dir='ltr'>1ῦ</span> 
     </span>
     <span class='ocr_line' id='line_1_28' title="bbox 566 2826 1792 2895; baseline 0.001 -17"><span class='ocrx_word' id='word_1_179' title='bbox 566 2827 596 2878; x_wconf 89' lang='grc' dir='ltr'>ὁ</span> <span class='ocrx_word' id='word_1_180' title='bbox 637 2826 682 2879; x_wconf 76' lang='grc' dir='ltr'>δ’</span> <span class='ocrx_word' id='word_1_181' title='bbox 723 2827 886 2891; x_wconf 88' lang='grc' dir='ltr'>ἄρτον</span> <span class='ocrx_word' id='word_1_182' title='bbox 925 2829 1048 2895; x_wconf 85' lang='grc' dir='ltr'>ᾔτει,</span> <span class='ocrx_word' id='word_1_183' title='bbox 1088 2829 1324 2892; x_wconf 88' lang='grc' dir='ltr'>καθάπερ</span> <span class='ocrx_word' id='word_1_184' title='bbox 1364 2828 1469 2892; x_wconf 78' lang='grc' dir='ltr'>εἶχε</span> <span class='ocrx_word' id='word_1_185' title='bbox 1509 2829 1792 2891; x_wconf 90' lang='grc' dir='ltr'>ςυνθήκην·</span> 
     </span>
    </p>

    <p class='ocr_par' dir='ltr' id='par_1_26' title="bbox 561 2913 1962 2983">
     <span class='ocr_line' id='line_1_29' title="bbox 561 2913 1962 2983; baseline 0.001 -20"><span class='ocrx_word' id='word_1_186' title='bbox 561 2913 612 2963; x_wconf 78' lang='grc' dir='ltr'>οἱ</span> <span class='ocrx_word' id='word_1_187' title='bbox 650 2913 696 2964; x_wconf 76' lang='grc' dir='ltr'>δ’</span> <span class='ocrx_word' id='word_1_188' title='bbox 737 2913 834 2965; x_wconf 86' lang='grc' dir='ltr'>οὐκ</span> <span class='ocrx_word' id='word_1_189' title='bbox 872 2914 1117 2979; x_wconf 88' lang='grc' dir='ltr'>ἔφευγον.</span> <span class='ocrx_word' id='word_1_190' title='bbox 1157 2921 1233 2983; x_wconf 83' lang='grc' dir='ltr'>τῷ</span> <span class='ocrx_word' id='word_1_191' title='bbox 1275 2915 1321 2966; x_wconf 74' lang='grc' dir='ltr'>δ’</span> <span class='ocrx_word' id='word_1_192' title='bbox 1361 2916 1390 2967; x_wconf 90' lang='grc' dir='ltr'>ὁ</span> <span class='ocrx_word' id='word_1_193' title='bbox 1431 2919 1551 2967; x_wconf 92' lang='grc' dir='ltr'>παῖς</span> <span class='ocrx_word' id='word_1_194' title='bbox 1591 2916 1752 2966; x_wconf 89' lang='grc' dir='ltr'>λίθων</span> <span class='ocrx_word' id='word_1_195' title='bbox 1792 2914 1962 2976; x_wconf 88' lang='grc' dir='ltr'>πλήρη</span> 
     </span>
    </p>

    <p class='ocr_par' dir='ltr' id='par_1_27' title="bbox 559 2999 1845 3069">
     <span class='ocr_line' id='line_1_30' title="bbox 559 2999 1845 3069; baseline 0.002 -22"><span class='ocrx_word' id='word_1_196' title='bbox 559 2999 655 3061; x_wconf 87' lang='grc' dir='ltr'>τὴν</span> <span class='ocrx_word' id='word_1_197' title='bbox 695 2999 993 3063; x_wconf 88' lang='grc' dir='ltr'>ςφενδόνην</span> <span class='ocrx_word' id='word_1_198' title='bbox 1031 3000 1257 3052; x_wconf 91' lang='grc' dir='ltr'>ἔδωκεν·</span> <span class='ocrx_word' id='word_1_199' title='bbox 1286 2999 1336 3069; x_wconf 68' lang='lat'>{6</span> <span class='ocrx_word' id='word_1_200' title='bbox 1377 3003 1436 3052; x_wconf 77' lang='grc' dir='ltr'>δὲ</span> <span class='ocrx_word' id='word_1_201' title='bbox 1474 3002 1647 3064; x_wconf 90' lang='grc' dir='ltr'>γέρων</span> <span class='ocrx_word' id='word_1_202' title='bbox 1686 3000 1845 3064; x_wconf 82' lang='grc' dir='ltr'>ῥίψας</span> 
     </span>
    </p>

    <p class='ocr_par' dir='ltr' id='par_1_28' title="bbox 561 3086 1946 3150">
     <span class='ocr_line' id='line_1_31' title="bbox 561 3086 1946 3150; baseline 0.001 -15"><span class='ocrx_word' id='word_1_203' title='bbox 561 3087 655 3135; x_wconf 83' lang='grc' dir='ltr'>τοῦ</span> <span class='ocrx_word' id='word_1_204' title='bbox 694 3087 788 3147; x_wconf 78' lang='grc' dir='ltr'>μὲν</span> <span class='ocrx_word' id='word_1_205' title='bbox 826 3086 888 3136; x_wconf 90' lang='grc' dir='ltr'>τὸ</span> <span class='ocrx_word' id='word_1_206' title='bbox 930 3088 1139 3150; x_wconf 80' lang='grc' dir='ltr'>βρέγμα,</span> <span class='ocrx_word' id='word_1_207' title='bbox 1178 3090 1272 3138; x_wconf 81' lang='grc' dir='ltr'>τοῦ</span> <span class='ocrx_word' id='word_1_208' title='bbox 1314 3087 1359 3138; x_wconf 77' lang='grc' dir='ltr'>δ’</span> <span class='ocrx_word' id='word_1_209' title='bbox 1399 3087 1561 3150; x_wconf 80' lang='grc' dir='ltr'>ἔτυψε</span> <span class='ocrx_word' id='word_1_210' title='bbox 1600 3088 1693 3150; x_wconf 90' lang='grc' dir='ltr'>τὴν</span> <span class='ocrx_word' id='word_1_211' title='bbox 1733 3087 1946 3148; x_wconf 89' lang='grc' dir='ltr'>κνήμην,</span> 
     </span>
    </p>
   </div>
   <div class='ocr_carea' id='block_1_4' title="bbox 430 3182 562 3186">
    <p class='ocr_par' dir='ltr' id='par_1_29' title="bbox 430 3182 562 3186">
     <span class='ocr_line' id='line_1_32' title="bbox 430 3182 562 3186; baseline 0 0"><span class='ocrx_word' id='word_1_212' title='bbox 430 3182 562 3186; x_wconf 95' lang='lat' dir='ltr'> </span> 
     </span>
    </p>
   </div>
   <div class='ocr_carea' id='block_1_5' title="bbox 226 3223 2274 3847">
    <p class='ocr_par' dir='ltr' id='par_1_30' title="bbox 226 3223 2271 3451">
     <span class='ocr_line' id='line_1_33' title="bbox 394 3223 2269 3285; baseline -0.001 -19"><span class='ocrx_word' id='word_1_213' title='bbox 394 3228 420 3265; x_wconf 84' lang='lat'>4</span> <span class='ocrx_word' id='word_1_214' title='bbox 457 3237 528 3267; x_wconf 87' lang='grc' dir='ltr'>τις</span> <span class='ocrx_word' id='word_1_215' title='bbox 559 3225 592 3267; x_wconf 91' lang='grc' dir='ltr'>Α</span> <span class='ocrx_word' id='word_1_216' title='bbox 681 3225 736 3267; x_wconf 84' lang='grc' dir='ltr'>οὐ</span> <span class='ocrx_word' id='word_1_217' title='bbox 779 3226 924 3285; x_wconf 83' lang='grc' dir='ltr'>κιχὼν</span> <span class='ocrx_word' id='word_1_218' title='bbox 968 3226 1016 3280; x_wconf 86' lang='lat' dir='ltr'>G]</span> <span class='ocrx_word' id='word_1_219' title='bbox 1051 3227 1137 3268; x_wconf 83' lang='grc' dir='ltr'>οὐκ</span> <span class='ocrx_word' id='word_1_220' title='bbox 1170 3228 1292 3280; x_wconf 85' lang='grc' dir='ltr'>ἔχων</span> <span class='ocrx_word' id='word_1_221' title='bbox 1322 3229 1357 3271; x_wconf 94' lang='grc' dir='ltr'>Α</span> <span class='ocrx_word' id='word_1_222' title='bbox 1389 3228 1474 3269; x_wconf 84' lang='grc' dir='ltr'>οὐκ</span> <span class='ocrx_word' id='word_1_223' title='bbox 1515 3226 1632 3269; x_wconf 86' lang='grc' dir='ltr'>ἰδὼν</span> <span class='ocrx_word' id='word_1_224' title='bbox 1671 3227 1723 3269; x_wconf 79' lang='lat' dir='ltr'>G.</span> <span class='ocrx_word' id='word_1_225' title='bbox 1754 3228 1979 3267; x_wconf 85' lang='lat' dir='ltr'><strong>Hermann</strong></span> <span class='ocrx_word' id='word_1_226' title='bbox 2006 3223 2106 3278; x_wconf 45' lang='grc' dir='ltr'>ὀὐχ</span> <span class='ocrx_word' id='word_1_227' title='bbox 2146 3223 2269 3266; x_wconf 83' lang='grc' dir='ltr'>ἑκὼν</span> 
     </span>
     <span class='ocr_line' id='line_1_34' title="bbox 227 3277 2268 3337; baseline 0 -16"><span class='ocrx_word' id='word_1_228' title='bbox 227 3282 479 3322; x_wconf 85' lang='lat' dir='ltr'>Lachmann</span> <span class='ocrx_word' id='word_1_229' title='bbox 511 3281 596 3323; x_wconf 83' lang='grc' dir='ltr'>οὐκ</span> <span class='ocrx_word' id='word_1_230' title='bbox 628 3282 748 3334; x_wconf 84' lang='grc' dir='ltr'>ἔχειν</span> <span class='ocrx_word' id='word_1_231' title='bbox 781 3285 949 3324; x_wconf 72' lang='lat' dir='ltr'>›Seidler</span> <span class='ocrx_word' id='word_1_232' title='bbox 1040 3287 1065 3323; x_wconf 80' lang='lat'><strong>5</strong></span> <span class='ocrx_word' id='word_1_233' title='bbox 1098 3282 1214 3325; x_wconf 86' lang='grc' dir='ltr'>ἰδὼν</span> <span class='ocrx_word' id='word_1_234' title='bbox 1247 3285 1461 3327; x_wconf 84' lang='grc' dir='ltr'>κάκεῖνος</span> <span class='ocrx_word' id='word_1_235' title='bbox 1495 3283 1524 3327; x_wconf 92' lang='lat' dir='ltr'>S</span> <span class='ocrx_word' id='word_1_236' title='bbox 1621 3287 1646 3324; x_wconf 84' lang='grc'><strong>6</strong></span> <span class='ocrx_word' id='word_1_237' title='bbox 1679 3283 1887 3337; x_wconf 85' lang='grc' dir='ltr'>ἡρμένου</span> <span class='ocrx_word' id='word_1_238' title='bbox 1921 3282 1955 3325; x_wconf 90' lang='grc' dir='ltr'>Α</span> <span class='ocrx_word' id='word_1_239' title='bbox 2043 3283 2067 3321; x_wconf 82' lang='grc' dir='ltr'>’ῒ</span> <span class='ocrx_word' id='word_1_240' title='bbox 2097 3281 2185 3323; x_wconf 85' lang='grc' dir='ltr'>τὸν</span> <span class='ocrx_word' id='word_1_241' title='bbox 2218 3277 2268 3331; x_wconf 82' lang='grc'>8]</span> 
     </span>
     <span class='ocr_line' id='line_1_35' title="bbox 226 3337 2271 3399; baseline -0.003 -17"><span class='ocrx_word' id='word_1_242' title='bbox 226 3339 255 3391; x_wconf 88' lang='grc' dir='ltr'>ἡ</span> <span class='ocrx_word' id='word_1_243' title='bbox 289 3339 323 3382; x_wconf 93' lang='grc' dir='ltr'>Α</span> <span class='ocrx_word' id='word_1_244' title='bbox 418 3340 454 3399; x_wconf 41' lang='grc'>-8</span> <span class='ocrx_word' id='word_1_245' title='bbox 493 3337 656 3391; x_wconf 87' lang='grc' dir='ltr'>κοίτης</span> <span class='ocrx_word' id='word_1_246' title='bbox 688 3338 739 3392; x_wconf 82' lang='grc'>8]</span> <span class='ocrx_word' id='word_1_247' title='bbox 772 3339 932 3393; x_wconf 88' lang='grc' dir='ltr'>κλίνης</span> <span class='ocrx_word' id='word_1_248' title='bbox 964 3341 997 3384; x_wconf 95' lang='grc' dir='ltr'>Α</span> <span class='ocrx_word' id='word_1_249' title='bbox 1106 3344 1130 3381; x_wconf 81' lang='grc'><strong>9</strong></span> <span class='ocrx_word' id='word_1_250' title='bbox 1174 3341 1343 3383; x_wconf 90' lang='grc' dir='ltr'>δέδυτο</span> <span class='ocrx_word' id='word_1_251' title='bbox 1374 3342 1408 3384; x_wconf 89' lang='grc' dir='ltr'>Α</span> <span class='ocrx_word' id='word_1_252' title='bbox 1497 3339 1719 3393; x_wconf 84' lang='grc' dir='ltr'>χαὶκαλὸς</span> <span class='ocrx_word' id='word_1_253' title='bbox 1753 3339 1802 3394; x_wconf 79' lang='lat' dir='ltr'>G]</span> <span class='ocrx_word' id='word_1_254' title='bbox 1836 3340 1912 3381; x_wconf 89' lang='grc' dir='ltr'>καὶ</span> <span class='ocrx_word' id='word_1_255' title='bbox 1943 3339 2099 3381; x_wconf 81' lang='grc' dir='ltr'>καλῶς</span> <span class='ocrx_word' id='word_1_256' title='bbox 2131 3338 2164 3380; x_wconf 89' lang='grc' dir='ltr'>Α</span> <span class='ocrx_word' id='word_1_257' title='bbox 2196 3338 2271 3378; x_wconf 79' lang='grc' dir='ltr'>καὶ</span> 
     </span>
     <span class='ocr_line' id='line_1_36' title="bbox 226 3393 2212 3451; baseline 0 -15"><span class='ocrx_word' id='word_1_258' title='bbox 226 3398 380 3437; x_wconf 85' lang='grc' dir='ltr'>κακῶς</span> <span class='ocrx_word' id='word_1_259' title='bbox 411 3396 713 3436; x_wconf 68' lang='lat' dir='ltr'>Schneidewin</span> <span class='ocrx_word' id='word_1_260' title='bbox 823 3399 875 3437; x_wconf 87' lang='lat'>10</span> <span class='ocrx_word' id='word_1_261' title='bbox 907 3397 1027 3450; x_wconf 83' lang='grc' dir='ltr'>ἔρως</span> <span class='ocrx_word' id='word_1_262' title='bbox 1056 3397 1091 3441; x_wconf 87' lang='grc' dir='ltr'>Α</span> <span class='ocrx_word' id='word_1_263' title='bbox 1176 3401 1234 3451; x_wconf 86' lang='grc' dir='ltr'>τῇ</span> <span class='ocrx_word' id='word_1_264' title='bbox 1268 3412 1508 3451; x_wconf 81' lang='lat' dir='ltr'>anonymus</span> <span class='ocrx_word' id='word_1_265' title='bbox 1542 3398 1659 3451; x_wconf 78' lang='lat' dir='ltr'>apud</span> <span class='ocrx_word' id='word_1_266' title='bbox 1689 3393 2040 3449; x_wconf 84' lang='lat' dir='ltr'>Boissonadium]</span> <span class='ocrx_word' id='word_1_267' title='bbox 2073 3398 2144 3449; x_wconf 78' lang='grc' dir='ltr'>τῷ</span> <span class='ocrx_word' id='word_1_268' title='bbox 2178 3393 2212 3436; x_wconf 91' lang='grc' dir='ltr'>Α</span> 
     </span>
    </p>

    <p class='ocr_par' dir='ltr' id='par_1_31' title="bbox 227 3450 2274 3847">
     <span class='ocr_line' id='line_1_37' title="bbox 395 3450 2273 3508; baseline -0.002 -13"><span class='ocrx_word' id='word_1_269' title='bbox 395 3452 456 3495; x_wconf 82' lang='lat'>33</span> <span class='ocrx_word' id='word_1_270' title='bbox 487 3451 521 3495; x_wconf 90' lang='grc' dir='ltr'>Α</span> <span class='ocrx_word' id='word_1_271' title='bbox 547 3452 672 3495; x_wconf 81' lang='lat' dir='ltr'>v198</span> <span class='ocrx_word' id='word_1_272' title='bbox 704 3454 881 3504; x_wconf 81' lang='lat' dir='ltr'>(Knoell</span> <span class='ocrx_word' id='word_1_273' title='bbox 902 3469 942 3506; x_wconf 87' lang='lat' dir='ltr'>p.</span> <span class='ocrx_word' id='word_1_274' title='bbox 966 3453 1066 3506; x_wconf 78' lang='lat'>678)</span> <span class='ocrx_word' id='word_1_275' title='bbox 1100 3456 1247 3494; x_wconf 75' lang='lat' dir='ltr'><strong>2—3a</strong></span> <span class='ocrx_word' id='word_1_276' title='bbox 1274 3452 1304 3499; x_wconf 88' lang='lat' dir='ltr'>S</span> <span class='ocrx_word' id='word_1_277' title='bbox 1340 3455 1479 3504; x_wconf 62' lang='grc' dir='ltr'>(νεός)</span> <span class='ocrx_word' id='word_1_278' title='bbox 1515 3455 1639 3497; x_wconf 69' lang='lat'><strong>{³374</strong></span> <span class='ocrx_word' id='word_1_279' title='bbox 1670 3453 1699 3498; x_wconf 82' lang='lat' dir='ltr'><strong>G</strong></span> <span class='ocrx_word' id='word_1_280' title='bbox 1723 3469 1764 3508; x_wconf 90' lang='lat' dir='ltr'>p.</span> <span class='ocrx_word' id='word_1_281' title='bbox 1784 3456 1864 3494; x_wconf 79' lang='lat'>271</span> <span class='ocrx_word' id='word_1_282' title='bbox 1899 3455 2007 3492; x_wconf 91' lang='lat'>—-1</span> <span class='ocrx_word' id='word_1_283' title='bbox 2039 3450 2273 3495; x_wconf 86' lang='grc' dir='ltr'>Πλειάδος</span> 
     </span>
     <span class='ocr_line' id='line_1_38' title="bbox 231 3506 2269 3576; baseline 0.001 -27"><span class='ocrx_word' id='word_1_284' title='bbox 231 3508 394 3576; x_wconf 58' lang='grc' dir='ltr'>δυςμαῖ</span> <span class='ocrx_word' id='word_1_285' title='bbox 424 3508 542 3560; x_wconf 91' lang='grc' dir='ltr'>ἦςαν</span> <span class='ocrx_word' id='word_1_286' title='bbox 574 3510 748 3563; x_wconf 88' lang='grc' dir='ltr'>ςπόρου</span> <span class='ocrx_word' id='word_1_287' title='bbox 781 3510 832 3551; x_wconf 88' lang='grc' dir='ltr'>ἐν</span> <span class='ocrx_word' id='word_1_288' title='bbox 865 3510 964 3563; x_wconf 86' lang='grc' dir='ltr'>ὥρῃ</span> <span class='ocrx_word' id='word_1_289' title='bbox 991 3510 1023 3552; x_wconf 89' lang='lat' dir='ltr'>V</span> <span class='ocrx_word' id='word_1_290' title='bbox 1111 3513 1135 3549; x_wconf 77' lang='lat'>2</span> <span class='ocrx_word' id='word_1_291' title='bbox 1167 3511 1319 3564; x_wconf 88' lang='grc' dir='ltr'>πυρὸν</span> <span class='ocrx_word' id='word_1_292' title='bbox 1347 3510 1410 3553; x_wconf 89' lang='grc' dir='ltr'>εἰς</span> <span class='ocrx_word' id='word_1_293' title='bbox 1439 3512 1551 3554; x_wconf 88' lang='grc' dir='ltr'>νεὸν</span> <span class='ocrx_word' id='word_1_294' title='bbox 1585 3510 1712 3563; x_wconf 90' lang='grc' dir='ltr'>(νέον</span> <span class='ocrx_word' id='word_1_295' title='bbox 1739 3512 1808 3551; x_wconf 75' lang='lat' dir='ltr'>vel</span> <span class='ocrx_word' id='word_1_296' title='bbox 1834 3510 1979 3552; x_wconf 87' lang='grc' dir='ltr'>νεύαν</span> <span class='ocrx_word' id='word_1_297' title='bbox 2010 3522 2074 3560; x_wconf 83' lang='lat' dir='ltr'>pr.</span> <span class='ocrx_word' id='word_1_298' title='bbox 2090 3507 2142 3557; x_wconf 88' lang='grc' dir='ltr'>Α)</span> <span class='ocrx_word' id='word_1_299' title='bbox 2166 3506 2269 3559; x_wconf 76' lang='lat' dir='ltr'>As]</span> 
     </span>
     <span class='ocr_line' id='line_1_39' title="bbox 230 3563 2273 3620; baseline -0 -14"><span class='ocrx_word' id='word_1_300' title='bbox 230 3563 280 3606; x_wconf 86' lang='grc' dir='ltr'>ἐν</span> <span class='ocrx_word' id='word_1_301' title='bbox 320 3566 477 3618; x_wconf 85' lang='grc' dir='ltr'>κληρῳ</span> <span class='ocrx_word' id='word_1_302' title='bbox 519 3567 696 3619; x_wconf 86' lang='grc' dir='ltr'>πυροὺς</span> <span class='ocrx_word' id='word_1_303' title='bbox 729 3566 760 3609; x_wconf 97' lang='lat' dir='ltr'>V</span> <span class='ocrx_word' id='word_1_304' title='bbox 867 3565 1054 3620; x_wconf 87' lang='grc' dir='ltr'>ςπείρας</span> <span class='ocrx_word' id='word_1_305' title='bbox 1085 3566 1115 3610; x_wconf 84' lang='grc'><strong>8</strong></span> <span class='ocrx_word' id='word_1_306' title='bbox 1138 3566 1186 3619; x_wconf 88' lang='lat' dir='ltr'>V]</span> <span class='ocrx_word' id='word_1_307' title='bbox 1222 3566 1362 3620; x_wconf 84' lang='grc' dir='ltr'>ῥίψας</span> <span class='ocrx_word' id='word_1_308' title='bbox 1394 3569 1426 3611; x_wconf 91' lang='grc' dir='ltr'>Α</span> <span class='ocrx_word' id='word_1_309' title='bbox 1545 3572 1569 3608; x_wconf 87' lang='grc'>3</span> <span class='ocrx_word' id='word_1_310' title='bbox 1602 3569 1838 3620; x_wconf 90' lang='grc' dir='ltr'>φύλαςςεν</span> <span class='ocrx_word' id='word_1_311' title='bbox 1871 3565 1902 3610; x_wconf 82' lang='grc'>8</span> <span class='ocrx_word' id='word_1_312' title='bbox 1943 3565 2208 3618; x_wconf 79' lang='grc' dir='ltr'>ἐφύλαττεν</span> <span class='ocrx_word' id='word_1_313' title='bbox 2242 3563 2273 3605; x_wconf 97' lang='lat' dir='ltr'>V</span> 
     </span>
     <span class='ocr_line' id='line_1_40' title="bbox 228 3619 2273 3677; baseline 0 -15"><span class='ocrx_word' id='word_1_314' title='bbox 228 3624 254 3662; x_wconf 83' lang='lat'><strong>5</strong></span> <span class='ocrx_word' id='word_1_315' title='bbox 285 3621 435 3675; x_wconf 83' lang='grc' dir='ltr'>ψᾶρές</span> <span class='ocrx_word' id='word_1_316' title='bbox 463 3621 505 3663; x_wconf 76' lang='grc' dir='ltr'>τ’</span> <span class='ocrx_word' id='word_1_317' title='bbox 527 3621 720 3676; x_wconf 85' lang='grc' dir='ltr'>ὄλεθρος</span> <span class='ocrx_word' id='word_1_318' title='bbox 753 3621 803 3676; x_wconf 89' lang='grc' dir='ltr'>Α]</span> <span class='ocrx_word' id='word_1_319' title='bbox 838 3623 988 3677; x_wconf 90' lang='grc' dir='ltr'>ψάρες</span> <span class='ocrx_word' id='word_1_320' title='bbox 1019 3623 1214 3676; x_wconf 86' lang='grc' dir='ltr'>ὀρύκται</span> <span class='ocrx_word' id='word_1_321' title='bbox 1246 3625 1276 3666; x_wconf 96' lang='lat' dir='ltr'>V</span> <span class='ocrx_word' id='word_1_322' title='bbox 1357 3628 1381 3665; x_wconf 66' lang='grc' dir='ltr'>ὅ</span> <span class='ocrx_word' id='word_1_323' title='bbox 1414 3623 1587 3676; x_wconf 82' lang='grc' dir='ltr'>ήτείκει</span> <span class='ocrx_word' id='word_1_324' title='bbox 1608 3624 1640 3667; x_wconf 98' lang='lat' dir='ltr'>V</span> <span class='ocrx_word' id='word_1_325' title='bbox 1730 3628 1755 3665; x_wconf 83' lang='lat'>9</span> <span class='ocrx_word' id='word_1_326' title='bbox 1791 3625 1951 3676; x_wconf 85' lang='grc' dir='ltr'>βαλεῖν</span> <span class='ocrx_word' id='word_1_327' title='bbox 1971 3619 2022 3674; x_wconf 89' lang='lat' dir='ltr'>V]</span> <span class='ocrx_word' id='word_1_328' title='bbox 2055 3623 2216 3674; x_wconf 83' lang='grc' dir='ltr'>λαβεῖν</span> <span class='ocrx_word' id='word_1_329' title='bbox 2241 3621 2273 3663; x_wconf 88' lang='grc' dir='ltr'>Α</span> 
     </span>
     <span class='ocr_line' id='line_1_41' title="bbox 230 3676 2274 3735; baseline 0.001 -18"><span class='ocrx_word' id='word_1_330' title='bbox 230 3679 281 3717; x_wconf 78' lang='grc'>12</span> <span class='ocrx_word' id='word_1_331' title='bbox 311 3681 472 3731; x_wconf 83' lang='grc' dir='ltr'>ςοφῶν</span> <span class='ocrx_word' id='word_1_332' title='bbox 504 3678 535 3721; x_wconf 95' lang='lat' dir='ltr'>V</span> <span class='ocrx_word' id='word_1_333' title='bbox 614 3681 766 3731; x_wconf 87' lang='grc' dir='ltr'>φῡλον</span> <span class='ocrx_word' id='word_1_334' title='bbox 798 3679 851 3732; x_wconf 90' lang='grc' dir='ltr'>Α]</span> <span class='ocrx_word' id='word_1_335' title='bbox 886 3678 1040 3732; x_wconf 87' lang='grc' dir='ltr'>φίλων</span> <span class='ocrx_word' id='word_1_336' title='bbox 1068 3679 1100 3722; x_wconf 95' lang='lat' dir='ltr'>V</span> <span class='ocrx_word' id='word_1_337' title='bbox 1182 3679 1301 3732; x_wconf 81' lang='grc' dir='ltr'>ἡνίκ’</span> <span class='ocrx_word' id='word_1_338' title='bbox 1328 3682 1386 3723; x_wconf 88' lang='grc' dir='ltr'>ἂν</span> <span class='ocrx_word' id='word_1_339' title='bbox 1420 3681 1460 3735; x_wconf 75' lang='lat' dir='ltr'>F]</span> <span class='ocrx_word' id='word_1_340' title='bbox 1494 3680 1632 3734; x_wconf 83' lang='grc' dir='ltr'>ἡνίκα</span> <span class='ocrx_word' id='word_1_341' title='bbox 1665 3681 1750 3724; x_wconf 78' lang='grc' dir='ltr'>Αν</span> <span class='ocrx_word' id='word_1_342' title='bbox 1856 3682 1908 3720; x_wconf 86' lang='grc'>13</span> <span class='ocrx_word' id='word_1_343' title='bbox 1940 3678 2102 3721; x_wconf 81' lang='grc' dir='ltr'>ἔλθως’</span> <span class='ocrx_word' id='word_1_344' title='bbox 2126 3676 2170 3732; x_wconf 92' lang='grc'>1.]</span> <span class='ocrx_word' id='word_1_345' title='bbox 2205 3677 2274 3719; x_wconf 82' lang='grc' dir='ltr'>ἔλ-</span> 
     </span>
     <span class='ocr_line' id='line_1_42' title="bbox 227 3731 2271 3790; baseline 0 -15"><span class='ocrx_word' id='word_1_346' title='bbox 227 3735 369 3776; x_wconf 91' lang='grc' dir='ltr'>θωςιν</span> <span class='ocrx_word' id='word_1_347' title='bbox 389 3735 425 3779; x_wconf 89' lang='grc' dir='ltr'>Α</span> <span class='ocrx_word' id='word_1_348' title='bbox 446 3750 528 3777; x_wconf 89' lang='lat' dir='ltr'>om.</span> <span class='ocrx_word' id='word_1_349' title='bbox 545 3735 576 3779; x_wconf 91' lang='lat' dir='ltr'>V</span> <span class='ocrx_word' id='word_1_350' title='bbox 657 3737 785 3779; x_wconf 83' lang='grc' dir='ltr'>εἶπεν</span> <span class='ocrx_word' id='word_1_351' title='bbox 806 3735 859 3789; x_wconf 91' lang='grc' dir='ltr'>Α]</span> <span class='ocrx_word' id='word_1_352' title='bbox 885 3751 968 3778; x_wconf 87' lang='lat' dir='ltr'>om.</span> <span class='ocrx_word' id='word_1_353' title='bbox 985 3736 1016 3780; x_wconf 95' lang='lat' dir='ltr'>V</span> <span class='ocrx_word' id='word_1_354' title='bbox 1108 3739 1158 3776; x_wconf 82' lang='lat'>15</span> <span class='ocrx_word' id='word_1_355' title='bbox 1180 3738 1255 3778; x_wconf 88' lang='grc' dir='ltr'>καὶ</span> <span class='ocrx_word' id='word_1_356' title='bbox 1279 3737 1504 3790; x_wconf 78' lang='grc' dir='ltr'>ἐνέμοντο</span> <span class='ocrx_word' id='word_1_357' title='bbox 1527 3738 1561 3782; x_wconf 92' lang='grc' dir='ltr'>Α</span> <span class='ocrx_word' id='word_1_358' title='bbox 1587 3739 1662 3779; x_wconf 88' lang='grc' dir='ltr'>καὶ</span> <span class='ocrx_word' id='word_1_359' title='bbox 1685 3737 1886 3790; x_wconf 84' lang='grc' dir='ltr'>νέμοντο</span> <span class='ocrx_word' id='word_1_360' title='bbox 1903 3735 1935 3779; x_wconf 91' lang='lat' dir='ltr'>V</span> <span class='ocrx_word' id='word_1_361' title='bbox 2024 3736 2076 3775; x_wconf 88' lang='grc'>16</span> <span class='ocrx_word' id='word_1_362' title='bbox 2102 3731 2221 3776; x_wconf 86' lang='grc' dir='ltr'>αἰτεῖ</span> <span class='ocrx_word' id='word_1_363' title='bbox 2241 3733 2271 3776; x_wconf 93' lang='lat' dir='ltr'>V</span> 
     </span>
     <span class='ocr_line' id='line_1_43' title="bbox 228 3791 1182 3847; baseline 0.003 -14"><span class='ocrx_word' id='word_1_364' title='bbox 228 3791 431 3845; x_wconf 87' lang='grc' dir='ltr'>ςυνθήκη</span> <span class='ocrx_word' id='word_1_365' title='bbox 462 3794 626 3847; x_wconf 82' lang='lat' dir='ltr'><strong>Berger</strong></span> <span class='ocrx_word' id='word_1_366' title='bbox 652 3794 738 3834; x_wconf 75' lang='lat' dir='ltr'>Fix</span> <span class='ocrx_word' id='word_1_367' title='bbox 828 3794 879 3834; x_wconf 81' lang='lat'>18</span> <span class='ocrx_word' id='word_1_368' title='bbox 911 3793 1119 3836; x_wconf 88' lang='grc' dir='ltr'>δέδωκεν</span> <span class='ocrx_word' id='word_1_369' title='bbox 1153 3793 1182 3836; x_wconf 94' lang='lat' dir='ltr'>V</span> 
     </span>
    </p>
   </div>
  </div>
 </body>
</html>
