2332 4134
934 296 1292 349 -17-

426 440 511 493 καὶ
554 439 835 504 βατράχων
874 438 1056 503 ὅμιλον
1095 437 1242 491 εἶδον
1281 438 1510 490 ἀκταίων

429 527 628 592 βαθέην
668 526 719 578 ἐς
759 525 870 578 ἰλὺν
909 524 1169 577 ὀκλαδιςτὶ
1207 525 1516 588 πηδώντων,

424 611 781 675 ἐπεςτάθηςαν
819 611 903 664 καί
941 628 1015 663 τις
1052 609 1165 664 εἶπε
1205 611 1486 675 θαρςήςας·

423 695 533 763 “ἄψ
570 701 666 750 νῦν
703 696 892 762 ἴωμεν·
931 697 1105 750 οὐκέτι
1145 698 1318 761 χρεὼν
1356 697 1615 761 θνήςκειν·

425 783 539 848 ὁρῶ
578 783 680 848 γὰρ
724 782 917 835 ἄλλους
957 781 1359 847 ἀςθενεςτέρους
1397 781 1580 846 ἥμων.δ
2090 797 2141 834 ιο

428 1026 643 1090 Γέρανοι
679 1029 920 1090 γεωργοῦ
960 1026 1307 1089 κατενέμοντο
1348 1026 1441 1088 τὴν
1481 1026 1657 1088 χώρην

428 1111 754 1176 ἐςπαρμένην
790 1112 974 1164 νεωςτὶ
1011 1112 1214 1179 πυρίνῳ
1254 1111 1392 1179 ςίτῳ.

429 1197 460 1250 ὁ
502 1197 548 1251 δ’
590 1197 709 1262 ἄχρι
747 1201 949 1251 πολλοῦ
989 1197 1287 1263 ςφενδόνην
1325 1199 1480 1261 κενὴν
1520 1198 1671 1250 ςείων

427 1284 646 1336 ἐδίωκεν
684 1284 845 1336 αὐτὰ(
885 1289 962 1353 τῷ
1002 1284 1172 1353 ψόφῳ
1212 1285 1604 1347 καταπλήςςων.

429 1370 483 1422 αἱ
522 1369 568 1423 δ’
606 1370 679 1422 ὡς
717 1370 938 1434 ἐπέςχον
977 1373 1351 1435 ςφενδονῶντα
1389 1370 1483 1422 τὰς
1523 1369 1702 1433 αὔρας,
2114 1383 2138 1419 5

427 1456 827 1522 κατεφρόνηςαν
865 1457 1069 1518 λοιπόν,
1107 1456 1240 1509 ὥςτε
1276 1457 1343 1520 μὴ
1385 1456 1614 1521 φεύγειν,

423 1541 526 1595 ἕως
566 1542 764 1594 ἐκεῖνος
803 1541 979 1594 οὐκέθ’
1018 1542 1090 1594 ὡς
1128 1543 1249 1605 πρὶν
1288 1541 1476 1603 εἰώθει,

422 1628 603 1681 λίθους
642 1629 702 1680 δὲ
742 1627 950 1692 βάλλων
987 1628 1176 1691 ἠλόηςε
1214 1628 1309 1679 τὰς
1348 1628 1574 1680 πλείους.

421 1714 477 1767 αἱ
514 1714 561 1768 δ’
603 1715 901 1767 ἐκλιποῦςαι
939 1716 1034 1779 τὴν
1074 1714 1312 1779 ἄρουραν
1351 1714 1595 1778 ἀλλήλαις

421 1800 755 1867 “φεύγωμεν’
794 1801 1123 1864 ἐκραύγαζον
1162 1799 1259 1852 ζεἰς
1298 1801 1362 1852 τὰ
1401 1800 1706 1864 Πυγμαίων.
2087 1812 2139 1850 10

423 1885 710 1951 ἅνθρωπος
749 1885 907 1939 οὗτος
946 1885 1118 1939 οὐκέτ’
1156 1887 1405 1951 ἐκφοβεῖν
1444 1886 1577 1950 ἥμας

421 1973 608 2034 ἔοικεν,
647 1973 746 2037 ἤδη
788 1971 834 2024 δ’
878 1971 1090 2037 ἄρχεταί
1127 1989 1174 2023 τι
1212 1973 1296 2024 καὶ
1334 1971 1610 2036 πράςςειν.’

246 2059 560 2124 Παραίνεςιν
601 2058 630 2110 ὁ
670 2059 830 2120 λόγος
869 2058 975 2121 ἔχει
1027 2061 1136 2110 δεῖν
1183 2061 1296 2109 ταῖς
1346 2059 1403 2109 ἐκ
1442 2058 1620 2120 λόγων
1657 2058 2140 2122 παραινέςεςι-τοὺς

78 2145 360 2199 πταίοντας
401 2144 572 2206 εἴκειν,
610 2144 698 2196 ἵνα
735 2146 803 2208 μὴ
844 2148 956 2197 ταῖς
997 2145 1050 2197 ἐξ
1089 2144 1262 2207 ἔργων
1299 2143 1404 2208 ὀψέ
1435 2161 1564 2196 ποτε
1591 2147 1886 2208 πειραθεῖεν
1913 2142 2139 2197 ὀδύναις.

1064 2286 1143 2343 27

424 2389 590 2451 Γαλῆν
629 2388 772 2456 δόλῳ
812 2405 886 2439 τις
926 2388 1195 2452 ςυλλαβών
1232 2404 1288 2439 τε
1329 2388 1411 2439 καὶ
1450 2387 1608 2451 δήςας

419 2475 626 2537 ἔπνιγεν
664 2474 879 2527 ὑδάτων
918 2473 1160 2542 ςυναγγίῃ
1208 2474 1369 2547 κοίλῃ.

419 2564 512 2624 τῆς
551 2559 597 2612 δ’
635 2560 701 2612 αὖ
743 2560 991 2623 λεγούςης
1031 2558 1127 2611 ζιῖυς
1165 2561 1329 2624 κακὴν
1368 2559 1518 2623 χάριν
1557 2560 1724 2621 τίνεις,

423 2645 486 2697 ὃν
526 2646 774 2711 ὠφέλουν
815 2648 1026 2709 θηρῶςα
1063 2649 1158 2708 μῦς
1197 2663 1251 2696 τε
1292 2646 1374 2697 καὶ
1416 2644 1646 2708 ςαύρας,’

420 2733 773 2799 ,ἐπιμαρτυρῶ
814 2731 910 2784 ςοι(
949 2731 1103 2796 φηςίν
1142 2730 1293 2797 ,ἀλλὰ
1334 2733 1417 2783 καὶ
1457 2731 1624 2783 πάςας
2113 2746 2137 2783 5

386 2817 623 2880 ’ἔπνιγες
663 2817 850 2882 ὄρνεις,
889 2817 1061 2870 πάντα
1101 2817 1147 2869 δ’
1187 2815 1337 2869 οἶκον
1375 2818 1626 2881 ἠρήμους,

421 2904 720 2968 βλάπτουςοι
758 2907 957 2968 μᾶλλον
995 2904 1127 2967 ἤπερ
1170 2902 1431 2968 ὠφελοῦς’
1469 2903 1637 2967 ἥμαςέ

247 2989 398 3053 Πρὸς
435 2991 560 3042 τοὺς
597 2991 821 3054 μετρίως
858 2992 953 3053 μὲν
989 2990 1348 3055 ὠφελοῦντας,
1389 2990 1716 3056 βλάπτοντας
1752 2991 1812 3042 δὲ
1839 2990 1904 3041 τὰ
1939 2989 2139 3053 μεγάλα

74 3073 317 3139 εὔκαιρός
356 3075 489 3128 ἐςτιν
528 3075 558 3128 ὁ
596 3076 770 3138 λόγος.

251 3234 274 3271 7
314 3234 508 3286 βαθεῖαν
540 3231 605 3275 εἰς
635 3233 666 3277 8
777 3234 962 3278 ὸκλαςτὶ
995 3233 1026 3278 S

248 3289 311 3334 26
341 3290 375 3333 Α
410 3293 518 3330 1-2
560 3289 762 3346 (πυρίνῳ
797 3289 927 3346 ςίτῳ)
965 3290 996 3335 8
1060 3293 1186 3343 epim.
1219 3290 1460 3343 Georgides
1494 3290 1648 3332 Gnom.
1679 3291 1713 3331 Ι.
1745 3292 1812 3340 31,
1846 3291 1871 3331 5
1900 3308 1958 3317 —
1990 3291 2012 3329 1
2045 3291 2135 3343 τήν

79 3357 164 3394 οιιι.
187 3344 220 3390 S
296 3346 460 3401 χώραν
486 3347 521 3390 Α
609 3351 637 3388 4
667 3348 818 3403 ψόφῳ
842 3346 1030 3401 Se‘uller]
1065 3348 1202 3400 φόβῳ
1227 3347 1260 3391 Α
1350 3349 1375 3388 5
1408 3346 1602 3400 ἐπέςχον
1633 3345 1686 3400 Α]
1720 3346 1937 3398 ἐπέγνων
1969 3347 2138 3388 Seidler

0 3394 4 3438 ἶ
78 3401 106 3442 8
136 3402 295 3454 βαλὼν
326 3404 361 3448 Α
474 3406 526 3445 10
555 3404 642 3447 τὰς
674 3405 708 3448 Α
821 3409 870 3446 11
906 3405 1160 3459 ἅνθρωπος
1194 3402 1239 3458 1.]
1276 3403 1526 3458 ἄνθρωπος
1556 3404 1590 3448 Α
1682 3407 1809 3458 epim.
1842 3404 1955 3446 τοὺς
1987 3419 2069 3446 om.
2101 3404 2136 3448 Α

24 3455 25 3458 “
79 3455 224 3502 εἴκειν
255 3459 519 3515 Georgides]
552 3463 684 3514 ἥκειν
715 3463 750 3506 Α

0 3521 42 3566 J(
249 3517 310 3561 27
342 3518 378 3562 Α
409 3517 508 3562 v30
540 3520 717 3571 (Knoell
747 3535 788 3574 p.
823 3520 924 3570 672)
956 3536 1010 3555 =
1045 3518 1165 3562 1:355
1199 3536 1250 3554 Ξ
1286 3517 1412 3562 0406
1443 3539 1500 3547 —
1533 3522 1552 3559 1
1589 3517 1733 3570 δήςας
1766 3515 1813 3571 Ρ]
1847 3516 2031 3571 πνίγων
2060 3518 2136 3562 Av

84 3573 112 3613 2
141 3572 369 3630 ςυναγγίᾳ
399 3576 434 3618 Α
524 3575 711 3629 ἔπνιγεν
753 3577 932 3629 (ἐπνιγε
967 3576 1014 3627 Ι·“)
1058 3575 1215 3628 βαλὼν
1247 3575 1443 3618 ὑδάτων
1474 3579 1687 3629 ςυνεχεῑα
1720 3573 1949 3628 (ςυνεχεία
1982 3575 2027 3626 Ρ)
2059 3575 2137 3620 vf

29 3675 35 3678 ,
83 3627 260 3674 ὕδατος
299 3631 351 3674 ἑν
393 3631 644 3688 (υναγκείᾳ
691 3637 813 3685 (item
855 3636 1016 3674 omisso
1060 3631 1210 3687 κοίλῃ)
1253 3633 1509 3687 Bernhardy
1625 3636 1650 3672 3
1697 3632 1736 3674 δ’
1769 3631 1827 3674 αὖ
1868 3631 1922 3686 Α]
1972 3632 2022 3675 δὲ
2053 3632 2136 3676 vf

81 3686 122 3735 4,
146 3684 203 3728 ὃν
231 3686 398 3743 Bergk]
445 3689 516 3733 ὧν
546 3689 629 3733 AV
653 3690 680 3734 F
724 3691 795 3734 ὧν
830 3693 866 3734 c'
900 3689 956 3734 L*
1074 3696 1172 3744 post
1203 3692 1227 3731 6
1259 3690 1293 3734 Α
1317 3690 1344 3734 F
1386 3690 1574 3731 addunt:
1622 3692 1776 3742 κρεῶν
1818 3688 2037 3744 ἀνέῳγας
2080 3691 2138 3740 (τ’

105 3740 146 3793 δ’
164 3743 324 3800 Bergk]
357 3744 571 3801 ἀνέῳγες
600 3749 742 3790 Boiss.
776 3749 941 3802 Bergk)
976 3747 1136 3801 ἄγγος,
1160 3747 1282 3789 ὥςτε
1303 3746 1503 3802 τεθνήξῃ
1598 3749 1620 3786 7
1655 3745 1935 3798 βλάπτουςιν
1959 3748 2135 3799 μᾶλλον

114 3810 203 3854 περ
223 3801 347 3855 ἡμᾶς
379 3802 644 3856 ὠφελοῦςιν
676 3805 707 3849 V

249 3869 372 3906 Bnbrii
394 3871 550 3907 rabulae.
1766 3880 1792 3916 2
