2332 4134
905 232 1263 284 —35-

396 379 430 432 ὁ
469 379 606 431 λέων
644 376 837 442 μερίζει
875 376 959 428 καὶ
997 375 1160 438 τίθηςι
1198 376 1336 438 τρεῖς
1374 373 1560 438 μοίρας

404 465 487 518 καί
526 463 636 527 “τὴν
673 464 768 528 μὲν
807 460 983 514 αὐτός’
1022 460 1145 526 φηςί
1182 458 1432 524 ςλήψομαι
1469 461 1707 523 πρῶτος’
2096 470 2123 508 5

400 551 634 616 βαςιλεὺς
670 549 771 613 γάρ
813 548 935 612 εἰμι·
976 548 1210 612 λήψομαι
1249 547 1310 598 δὲ
1349 544 1591 608 κάκείνην

396 635 471 688 ὥς
510 636 564 689 ἐξ
600 634 715 687 ἴςου
755 633 1030 686 κοινωνός.
1085 632 1117 695 ἡ
1157 632 1301 696 τρίτη
1343 630 1392 684 δ’
1432 630 1561 693 αὕτη

399 721 563 774 κακόν
602 738 649 772 τι
687 721 840 773 δώςει
878 720 944 783 μὴ
985 717 1191 771 θέλοντί
1231 734 1310 769 ςοι
1347 711 1597 781 φεύγειν.’

474 806 663 875 [μέτρει
702 804 951 858 ςεαυτόν·
991 807 1206 868 πρᾶγμα
1242 804 1407 868 μηδὲν
1446 801 1715 869 ἀνθρώπῳ

397 893 750 960 δυνατωτέρῳ
792 891 1016 943 ςύναπτε
1055 891 1187 954 μηδὲ
1225 887 1497 955 κοινώνει]
2068 898 2123 936 10

401 1136 557 1188 Θεοῖς
594 1134 870 1187 Ἀπόλλων
909 1133 1054 1196 ἔλεγε
1092 1134 1266 1198 μακρὰ
1305 1132 1574 1187 δοξάζων·

399 1220 515 1274 (οὐκ
553 1221 619 1273 ἂν
658 1220 808 1286 βάλοι
845 1237 920 1272 τις
959 1223 1140 1272 πλεῖον
1178 1219 1308 1272 οὐδὲ
1347 1217 1608 1273 τοξεύςει.’

403 1307 434 1360 ὁ
475 1307 611 1359 Ζεὺς
650 1308 711 1359 δὲ
747 1306 954 1361 παίζων
991 1305 1227 1370 ήρίδαινε
1266 1311 1343 1374 τῷ
1384 1305 1581 1373 Φοίβῳ.

399 1392 592 1458 Ἑρμῆς
631 1391 678 1446 δ’
716 1393 876 1445 ἔςειεν
912 1392 1102 1456 Ἄρεος
1142 1392 1198 1444 ἐν
1237 1395 1364 1459 κυνῇ
1404 1392 1648 1455 κλήρους.

402 1480 578 1543 λαχὼν
618 1481 679 1532 δέ
717 1479 915 1543 Φοῖβος
953 1479 1174 1542 χρυςέην
1213 1495 1268 1530 τε
1307 1479 1575 1530 κυκλώςας
2098 1487 2123 1527 5

399 1565 578 1620 τόξοιο
617 1566 826 1629 νευρήν,
867 1564 1034 1619 ὀξέως
1073 1563 1228 1630 ἀφεὶς
1265 1570 1482 1629 πρῶτος

399 1652 462 1704 τὸ
503 1640 654 1717 βέλος
693 1651 881 1714 ἔπηξεν
922 1651 1074 1703 ἐντὸς
1113 1649 1370 1714 Ἑςπέρου
1410 1651 1611 1713 κήπων.

401 1737 432 1790 ὁ
471 1737 607 1790 Ζεὺς
645 1739 706 1790 δὲ
744 1738 928 1802 διαβὰς
966 1737 1128 1789 ταύτὸ
1168 1738 1361 1802 μέτρον
1401 1737 1631 1800 εἰςτήκει,

403 1823 487 1876 καί
526 1822 647 1876 ‘Tros’
691 1824 853 1889 βάλω,
892 1822 1017 1885 παῑ,’
1057 1823 1213 1888 φηςίν
1252 1821 1367 1875 ζοὐκ
1404 1822 1510 1886 ἔχω
1551 1820 1763 1886 χώρην.’

401 1909 560 1964 τόξου
601 1911 662 1962 δὲ
699 1909 844 1973 νίκην
884 1909 1039 1974 ἔλαβε
1077 1910 1210 1973 μηδὲ
1248 1909 1510 1963 τοξεύςας.
2071 1917 2125 1957 10

226 2011 345 2064 Ὅτι
373 2009 476 2062 ἐςτι
500 2009 615 2062 τινὰ
642 2011 725 2062 καὶ
752 2009 924 2062 κόπου
962 2010 1124 2073 χωρὶς
1159 2009 1306 2073 νίκην
1342 2008 1563 2074 ἄραςθαι
1601 2010 1781 2074 ςοφῶς
1818 2010 1928 2060 τοῖς
1954 2005 2123 2071 πράγ-

43 2114 173 2167 μαςι
213 2096 549 2161 κεχρημένον.

1051 2211 1131 2267 69

394 2312 609 2376 Θάμνου
649 2312 862 2373 λαγωὸν
902 2311 1208 2375 δαςυπόδην
1248 2311 1537 2375 ἀναςτήςας

401 2398 545 2450 κύων
585 2397 803 2449 ἐδίωκεν
842 2397 940 2449 οὐκ
980 2396 1194 2461 ἄπειρος
1234 2396 1490 2460 ἀγρεύειν,

405 2484 588 2553 δρόμῳ
629 2484 674 2536 δ’
719 2483 950 2548 ἐλείφθη.
992 2483 1074 2536 καί
1113 2501 1187 2535 τις
1229 2483 1451 2536 αἰπόλος
1489 2484 1745 2535 ςκώπτων

397 2566 448 2622 ‘6
488 2571 704 2634 πηλίκος
743 2565 854 2622 ςου’
893 2571 1050 2636 φηςίν
1089 2569 1293 2635 “εὑρέθη
1335 2569 1574 2623 θάςςων.’
1774 2569 1777 2571 ’

404 2656 434 2709 ὁ
475 2655 521 2710 δ’
559 2655 732 2710 εἶπεν·
773 2656 964 2709 ζἄλλως
1006 2656 1166 2709 ἄλλον
1206 2656 1434 2722 ἁρπάςαι
1473 2656 1717 2708 ςπεύδων
2100 2665 2127 2705 5

402 2743 572 2807 τρέχει
609 2760 709 2805 τις,
752 2742 923 2796 ἄλλως
963 2742 1009 2795 δ’
1048 2743 1213 2796 αὑτὸν
1253 2743 1310 2795 ἐκ
1347 2746 1511 2796 κακοῦ
1553 2740 1771 2810 ςῳζων.’

406 2987 557 3039 Θεῶν
594 2988 925 3051 γαμούντων,
967 2987 1039 3039 ῶς
1079 2987 1293 3040 ἕκαςτος
1333 2987 1570 3050 ἐζεύχθη,

405 3072 492 3145 ἐφ’
530 3072 686 3126 ἅπαςι
723 3073 968 3138 Πόλεμος
1009 3073 1209 3143 ἐςχάτῳ
1250 3077 1425 3138 παρῆν
1465 3073 1658 3141 κλήρῳ.

62 3178 227 3190 ——n—

232 3226 415 3284 [9-10]
448 3230 679 3271 Eberhard

231 3285 296 3330 68
325 3284 362 3330 Α
391 3286 491 3330 v64
521 3286 701 3341 (Knoell
729 3302 773 3341 p.
795 3289 896 3338 673)
928 3304 982 3324 =
1016 3287 1139 3331 5351
1172 3304 1226 3324 =
1258 3286 1288 3332 c
1313 3302 1354 3341 p.
1376 3289 1461 3329 366
1494 3286 1619 3332 0187
1659 3304 1718 3315 -
1766 3287 1787 3326 1
1822 3284 2035 3330 δοξάζων
2071 3283 2122 3339 e]

50 3341 275 3389 τοξεύων
295 3342 327 3387 V
357 3342 567 3387 τοξεύειν
598 3343 633 3388 Α
730 3349 756 3386 2
786 3344 931 3398 βάλλη
959 3343 991 3388 V
1081 3347 1106 3386 5
1139 3345 1189 3388 δὲ
1210 3343 1260 3398 V]
1296 3344 1334 3386 δ’
1363 3344 1389 3387 ὁ
1419 3344 1454 3389 Α
1533 3344 1775 3387 κυκλώςας
1805 3341 1860 3399 Α]
1890 3342 1948 3386 τὸ
1979 3342 2123 3386 τόξον

51 3397 360 3443 ἐκκυκλώςας
382 3401 483 3453 (om.
501 3415 547 3445 v.
561 3403 606 3450 6)
629 3400 661 3445 V
742 3404 766 3443 7
787 3401 941 3455 κήπου
959 3401 992 3446 V
1071 3403 1097 3443 8
1118 3404 1264 3445 τοῦτο
1286 3401 1321 3446 Α
1391 3399 1593 3456 εἱςτήκει
1613 3400 1667 3456 Α]
1693 3400 1786 3444 ἔςτι
1803 3400 1836 3445 V
1914 3401 1939 3440 9
1963 3403 2049 3443 παῖ
2066 3397 2119 3453 Α]

56 3456 141 3499 ναὶ
167 3455 199 3500 V
273 3457 437 3512 χώραν
458 3457 494 3503 Α
584 3460 636 3500 10
664 3458 782 3512 μηδὲ
804 3458 858 3515 Α]
893 3459 954 3513 μὴ
978 3458 1011 3503 V

232 3513 296 3558 69
317 3513 353 3559 Α
373 3516 484 3557 5-6
507 3516 708 3558 scholion
728 3517 926 3570 Thucyd.
948 3519 988 3571 4,
1014 3518 1082 3568 92,
1107 3519 1131 3557 2
1161 3536 1220 3546 —-
1253 3519 1273 3556 1
1308 3516 1582 3570 δαςυπόδην
1603 3514 1792 3570 Ahrens]
1827 3514 2068 3559 δαςύπουν
2091 3513 2127 3559 Α

53 3567 276 3614 δαςύπον
297 3570 611 3625 ἐξαναςτήςας
630 3574 714 3614 Fix
804 3576 828 3614 2
851 3571 1048 3616 ἐδίωκεν
1070 3572 1122 3627 Α]
1148 3574 1231 3626 μὲν
1254 3571 1411 3616 {Mune
1427 3575 1597 3616 Seidler
1682 3574 1794 3614 5——6
1817 3571 1958 3616 ἄλλος
1980 3572 2124 3615 ἄλλον

53 3622 289 3686 ᾁέῐρεῡςαι
320 3628 474 3672 θέλων
505 3629 662 3684 τρέχει
690 3643 782 3682 τις,
815 3630 954 3674 ἄλλος
986 3630 1024 3672 δ’
1055 3631 1198 3674 ἄλλον
1231 3631 1282 3674 ἐκ
1313 3634 1459 3674 κακοῦ
1493 3630 1659 3675 ςώζων
1690 3631 1828 3672 schol.
1851 3630 2049 3683 Thucyd.

223 3684 302 3743 ,70
323 3685 359 3731 Α
379 3686 477 3743 ΒβΙ
500 3703 554 3723 =
576 3685 699 3731 (2361
726 3707 785 3717 —
815 3690 840 3729 2
862 3690 1051 3730 restituit
1071 3689 1121 3730 G.
1139 3687 1436 3742 Hermannus]
1470 3690 1628 3742 παρῆν
1655 3686 1730 3741 ἐφ’
1751 3686 1891 3731 ἅπαςι
1916 3686 2125 3739 πόλεμος

56 3733 249 3797 ἑκάςτῳ
283 3741 482 3799 (ἐςχάτῳ
518 3743 565 3798 Ι.)
597 3743 756 3799 κλήρῳ
791 3745 824 3790 Α
856 3745 1060 3798 πόλεμος
1090 3747 1249 3799 παρῆν
1281 3745 1463 3800 ἐςχάτῳ
1497 3743 1658 3800 κλήρῳ
1694 3745 1726 3789 Β
1752 3744 1782 3790 G

1721 3816 1783 3858 3*
