2332 4134
1047 289 1363 340 ,8-

567 434 771 486 τοςαῦτ>
812 433 1118 497 ἐκερτόμηςε
1156 432 1251 483 τὸν
1291 430 1451 495 βόλον
1489 428 1726 480 πλύνων·

564 518 792 571 ζἄναυλα
828 522 923 571 νῦν
961 517 1210 582 ὀρχεῖςθε.
1267 519 1498 579 κρεῖςςον
1535 513 1600 577 ἦν
1637 513 1770 577 ὕμας

565 605 724 657 πάλαι
762 605 1013 668 χορεύειν,
1050 602 1181 665 ἡνίκ’
1221 601 1291 653 εἰς
1330 601 1525 664 χοροὺς
1561 596 1789 662 ηὔλουνῖ
2184 609 2247 649 1ο

637 690 748 756 [οὐκ
786 690 918 741 έςτιν
957 688 1172 740 ἀπόνως
1211 686 1325 738 οὐδ’
1362 685 1569 738 ἀπόντα
1607 683 1919 748 κερδαίνειν“

568 775 695 827 ὅταν
732 776 909 838 ταμὼν
949 775 1006 826 δὲ
1047 772 1193 825 τοῦθ’
1234 772 1351 840 ἕλῃς
1390 771 1521 834 ὅπερ
1563 770 1751 834 βούλει,

564 865 658 913 τοῦ
699 862 965 923 κερτομεῖν
1004 876 1082 911 ςοι
1120 858 1298 922 καιρός
1339 857 1439 909 ἐςτι
1477 857 1559 908 καὶ
1598 852 1837 922 παίζειν]
2295 919 2300 921 ῃ

359 939 422 998 ‘O
467 949 628 1011 μῦθος
666 946 893 996 λέλεκται
941 944 1075 1006 πρὸς
1119 944 1244 994 τοὺς
1281 942 1511 1006 ματαίως
1560 940 1704 1004 παρὰ
1741 933 1805 991 τὸ
1844 939 1970 992 δέον
2006 954 2053 991 τι
2091 937 2250 1004 {pm-

195 1032 469 1096 Ζομένους.

571 1201 786 1264 Αἰςχρῆς
824 1217 899 1251 τις
935 1199 1039 1263 ἤρα
1076 1199 1159 1251 καὶ
1198 1198 1536 1262 κακορρύπου
1577 1197 1768 1258 δούλης

566 1285 695 1348 ἰδίης
733 1285 923 1337 ἑαυτοῦ
963 1285 1046 1336 καὶ
1084 1286 1329 1347 παρεῖχεν
1369 1282 1580 1351 αἰτούςῃ

568 1369 757 1423 ἅπανθ’
796 1370 1041 1434 ἑτοίμως·
1081 1370 1113 1432 ἡ
1153 1371 1212 1421 δὲ
1251 1370 1462 1432 χρυςίου
1501 1368 1716 1431 πλήρης,

570 1458 795 1520 ςύρουςα
831 1455 1024 1517 λεπτὴν
1061 1455 1345 1519 πορφύρην
1386 1454 1468 1506 ἐπὶ
1507 1454 1717 1517 κνήμης,

564 1541 732 1603 πάντη
772 1540 939 1604 μάχην
978 1543 1232 1602 ςυνῆπτεν
1270 1539 1650 1606 οἰκοδεςποίνῃ.
2216 1548 2251 1588 r>

568 1627 661 1688 τὴν
699 1626 744 1678 δ’
783 1625 1102 1689 Ἀφροδίτην
1141 1624 1313 1688 ὥςπερ
1354 1624 1522 1686 αἰτίην
1556 1624 1764 1675 τούτων
2304 1621 2306 1624 ’

570 1712 775 1775 λύχνοις
819 1711 966 1774 ἐτίμα
1005 1711 1088 1761 καὶ
1128 1707 1241 1761 καθ’
1279 1709 1475 1773 ἡμέρην
1513 1711 1683 1761 πᾶςαν

571 1796 724 1849 ἔθυεν
761 1794 937 1858 ηὔχεθ’
974 1795 1201 1846 ἱκέτευεν
1241 1795 1436 1858 ἠρώτα,

577 1882 677 1933 ἕως
715 1880 831 1933 ποτ’
870 1880 1045 1932 αὐτῶν
1086 1880 1116 1943 ἡ
1157 1881 1279 1932 θεὸς
1319 1880 1693 1932 καθευδόντων

571 1965 728 2030 ἦλθεν
767 1965 880 2018 καθ’
918 1966 1116 2018 ὕπνους
1154 1967 1237 2017 καὶ
1275 1969 1495 2030 φανεῑςα
1533 1969 1594 2033 τῇ
1635 1966 1798 2034 δούλῃ
2003 2027 2005 2030 ¹
2191 1974 2253 2015 10
2320 2035 2321 2038 Ἴ

563 2046 579 2067 ‘
592 2052 658 2115 μή
697 2068 782 2116 μοι
820 2052 970 2115 χάριν
1009 2055 1128 2118 ςχῇς
1168 2051 1240 2103 ὡς
1279 2053 1439 2114 καλήν
1479 2069 1530 2104 ςε
1571 2052 1816 2119 ποιούςῃ·
2175 2036 2178 2039 ’

573 2138 745 2205 τούτῳ
784 2126 1054 2201 χολοῦμαι3
1094 2138 1248 2201 φηςίν
1286 2135 1354 2205 ςᾧ
1393 2138 1520 2201 καλὴ
1560 2137 1756 2206 φαίνῃ.’

637 2221 795 2290 [ἅπας
836 2222 866 2273 ὁ
910 2225 1018 2274 τοῖς
1059 2221 1336 2286 αἰςχροῑςιν
1376 2222 1447 2275 ὡς
1486 2225 1662 2275 καλοῖς
1702 2223 1903 2286 χαίρων

577 2308 863 2372 θεοβλαβής
901 2307 977 2358 τίς
1018 2307 1118 2358 ἐςτι
1157 2307 1239 2359 καὶ
1264 2309 1478 2375 ’φρένας
1516 2306 1718 2375 πηρός]

574 2534 820 2585 Ἀλώπεκ’
862 2532 1056 2598 ἐχθρὴν
1094 2532 1339 2597 ἀμπέλων
1378 2551 1432 2586 τε
1471 2535 1554 2586 καὶ
1592 2521 1775 2598 κήπων

584 2621 732 2681 Ξένην
771 2621 987 2682 θελήςας
1024 2623 1317 2683 περιβαλεῖν
1355 2637 1428 2671 τις
1469 2621 1619 2689 αἰκίῃ,
2325 2632 2332 2682 ,²

516 2704 518 2706 ’
580 2707 673 2768 τὴν
711 2707 898 2768 κέρκον
937 2705 1078 2769 ὅψας
1116 2707 1200 2757 καὶ
1238 2706 1396 2757 λίνων
1434 2724 1479 2758 τι
1517 2705 1823 2775 προςδήςαςξ
2329 2695 2332 2696 ⁷

575 2790 747 2854 ἀφῆκε
785 2792 1010 2854 φεύγειν.
1066 2791 1161 2854 τὴν
1199 2791 1245 2843 δ>
1284 2791 1562 2844 ἑπίςκοπος
1601 2794 1800 2857 δαίμων

576 2876 628 2926 ἐς
665 2876 757 2927 τὰς
799 2874 1032 2939 ἀρούρας
1072 2880 1167 2928 τοῦ
1209 2876 1462 2940 βαλόντος
1501 2878 1692 2941 ὡδήγει
2146 2863 2150 2866 ’
2221 2890 2256 2931 ὁ
2327 2883 2332 2886 ’

582 2961 643 3012 τὸ
683 2964 786 3024 πῦρ
827 2962 1107 3025 φέρουςαν.
1167 2960 1230 3024 ἣν
1269 2964 1327 3013 δὲ
1367 2963 1528 3024 ληίων
1567 2963 1678 3026 ὥρη

570 3047 654 3098 καὶ
698 3046 963 3097 καλλίπαις
1004 3044 1196 3109 ἄμητος
1237 3047 1466 3099 ἐλπίδων
1502 3049 1716 3111 πλήρης.

380 3202 405 3242 8
427 3200 615 3244 τοςαῦτ’
637 3199 689 3254 Α]
722 3200 902 3242 τοιοῦτ’
925 3201 1098 3253 Sauppe
1187 3203 1211 3241 9
1235 3203 1471 3255 ὀρχεῑςθαι
1492 3202 1526 3246 Α
1600 3205 1721 3256 ὑμᾶς
1741 3205 1774 3249 Α
1795 3205 1960 3258 ubique
2045 3201 2259 3260 [ll-13]

210 3257 420 3298 Duebner
523 3260 571 3298 11
606 3255 704 3299 οὐδ’
737 3254 922 3298 ἀπόντα
955 3255 1005 3310 G]
1040 3255 1139 3299 οὐδ’
1171 3256 1378 3325 ἀὲιον-Ξιι
1409 3259 1442 3303 Α
1551 3263 1601 3300 12
1632 3260 1802 3312 ταμὼν
1834 3259 1885 3315 G]
1920 3259 2081 3315 βαλὼν
2110 3261 2145 3305 Α
2175 3272 2262 3303 κα·-

217 3341 320 3395 μὼν
350 3343 482 3384 Halm
570 3345 716 3384 τοῦτο
748 3341 885 3396 θέλῃς
917 3341 950 3385 Α
1042 3344 1091 3383 13
1122 3342 1177 3384 τὸ
1206 3343 1240 3387 Α
1271 3344 1381 3386 τότε
1412 3344 1578 3386 Ahrens

390 3398 447 3443 10
478 3399 511 3443 Α
547 3398 611 3443 18
645 3399 772 3453 (ἤρα)
808 3399 876 3441 86
906 3418 963 3426 -
998 3402 1015 3438 1
1044 3397 1231 3453 αἰςχρᾱς
1254 3401 1285 3443 Α
1319 3400 1349 3444 8
1381 3404 1556 3455 ςαπρᾱς
1577 3415 1704 3444 τινος
1727 3402 1757 3447 8
1780 3403 1980 3445 nonnulli
1998 3403 2100 3444 libri
2175 3413 2263 3445 κα-

214 3454 450 3510 κοτρόπου
473 3455 503 3500 8
528 3455 559 3499 Β
664 3458 688 3495 2
710 3452 829 3496 ἰδίας
852 3455 999 3496 αὐτοῦ
1021 3455 1054 3498 Α
1129 3454 1347 3507 αἰτούςης
1369 3457 1402 3500 Α
1510 3461 1536 3498 4
1562 3460 1815 3513 πορφύραν
1836 3459 1870 3503 Α
1973 3461 1999 3501 5
2019 3458 2176 3512 πάντη
2200 3455 2254 3512 ὃ]

212 3544 335 3594 πάςῃ
359 3539 393 3583 Α
423 3542 574 3582 πᾶςαν
599 3539 653 3583 L*
743 3541 766 3580 7
797 3539 979 3594 ἡμέραν
1006 3539 1038 3583 Α
1130 3542 1181 3581 10
1212 3540 1324 3592 ἦλθε
1357 3542 1389 3584 Α
1483 3546 1531 3583 12
1556 3545 1784 3596 χολοῦμαι
1804 3542 2023 3600 Meineke]
2052 3542 2256 3599 κεχόλω-

215 3596 350 3648 μαιΑ
442 3595 646 3650 [13-14]
680 3597 889 3637 Duebner
980 3599 1030 3637 13
1061 3594 1265 3651 αἰςχροῖς
1295 3600 1328 3641 Α

372 3651 421 3695 11
450 3652 484 3696 Α
531 3654 734 3706 epimy‘th.
757 3654 873 3706 apud
897 3653 1170 3706 Georgidcm,
1203 3653 1358 3696 Gn‹.m.
1378 3656 1400 3695 Ι
1431 3669 1472 3707 p.
1492 3659 1546 3697 43
1580 3657 1648 3700 ΒΘ
1679 3676 1737 3686 -
1771 3660 1791 3698 1
1825 3657 1997 3712 ἐχθρὰν
2023 3656 2058 3702 Α
2132 3659 2158 3698 2
2189 3655 2257 3700 ξέ-

215 3719 307 3760 νην
339 3706 389 3762 G]
423 3707 530 3759 ξένη
563 3709 596 3752 Α
727 3711 752 3750 3
794 3707 937 3751 λίνων
971 3707 1019 3762 θ]
1062 3707 1191 3751 λίνον
1222 3710 1255 3753 Α
1295 3708 1425 3753 λίνου
1458 3715 1528 3754 n?
1566 3714 1793 3754 Eberhard
1931 3717 1956 3755 5
1998 3712 2262 3767 βλσβόντος

214 3764 360 3819 Bergk
450 3766 473 3804 7
506 3749 683 3817 ἀμητὸς
716 3765 748 3809 Α
