2332 4134
389 428 473 480 ἐπὶ
510 431 602 491 τῆς
641 427 842 479 ἐκείνου
881 428 1006 492 φαςὶ
1045 428 1108 491 δὴ
1149 426 1448 489 δυναςτείης

387 516 494 565 τῶν
533 512 731 577 ἀγρίων
771 514 1002 577 ἀγυρμὸς
1042 513 1271 575 ἐγεγόνει
1309 514 1466 580 Ζῴων
2065 523 2090 561 5

387 599 532 652 δίκας
570 617 625 651 τε
665 603 848 651 δοῦναι
888 600 971 651 καὶ
1010 602 1184 664 λαβεῖν
1221 599 1345 662 παρ’
1385 598 1639 662 ἀλλήλων.

386 685 451 737 τὰ
490 691 605 754 ζῷα
643 687 923 749 πανταχῶς
963 684 1009 737 δ’
1047 685 1274 748 ὑπέςχον
1313 684 1551 745 εὐθύνας,

382 772 539 824 λύκος
577 772 672 835 μὲν
711 770 844 835 ἀρνί,
883 771 1138 834 πάρδαλις
1177 772 1234 822 δέ
1271 771 1319 832 γ’
1359 770 1609 839 αἰγάγρῳ,

387 857 570 925 ἐλάφῳ
611 858 670 908 δὲ
708 857 882 920 τίγρις,
925 856 1097 908 πάντα
1136 855 1181 907 δ’
1220 854 1359 918 εἶχεν
1397 856 1621 920 εἰρήνην.

389 942 420 994 ὁ
459 943 602 995 πτὼξ
642 942 688 994 δ’
726 942 828 1006 ἔφη
870 942 1101 1004 λαγωός·
1141 935 1269 994 (ἀλλ’
1310 942 1413 1003 ἐγὼ
1452 942 1647 1004 ταύτην
2037 951 2090 990 10

385 1028 479 1092 τὴν
517 1028 712 1091 ἡμέρην
751 1026 832 1079 ἀεί
871 1028 988 1079 ποτ’
1028 1027 1263 1091 ηὐχόμην
1302 1028 1410 1091 ἥτις

385 1114 469 1166 καὶ
507 1116 615 1164 τοῖς
656 1113 837 1177 βιαίοις
877 1114 1085 1178 φοβερὰ
1124 1112 1345 1176 τάςθενῆ
1386 1112 1557 1176 θήςει.’

215 1216 470 1267 Ἔπαινον
508 1212 538 1264 ὁ
578 1216 742 1277 μῦθος
780 1213 884 1276 ἔχει
922 1218 1066 1282 κριτῇ
1107 1215 1260 1281 πρᾴῳ
1300 1214 1382 1265 καὶ
1420 1213 1535 1265 λίαν
1574 1212 1770 1281 δικαίῳ.

1007 1414 1125 1470 103

387 1529 536 1581 Λέων
575 1527 655 1581 ἐπ’
695 1527 860 1593 ἄγρην
899 1528 1071 1580 οὐκέτι
1110 1529 1307 1580 ςθένων
1347 1529 1538 1592 βαίνειν

387 1615 587 1683 (πολλῷ
626 1615 726 1678 γὰρ
765 1615 865 1678 ἤδη
906 1619 980 1682 τῷ
1018 1613 1193 1681 χρόνῳ
1232 1614 1527 1679 γεγηράκει)

386 1701 561 1764 κοίλης
599 1701 699 1753 ἔςω
741 1701 1032 1764 ςπήλυγγος
1070 1699 1156 1751 οἶα
1194 1717 1267 1751 τις
1305 1700 1477 1767 νούςῳ

385 1788 564 1851 καμὼν
605 1786 817 1839 ἐκέκλιτ’
856 1786 952 1838 οὐκ
991 1786 1182 1849 ἀληθὲς
1221 1785 1536 1849 ἀςθμαίνων,

385 1874 574 1938 φωνὴν
613 1875 828 1937 βαρεῖαν
867 1873 1193 1936 προςποιητὰ
1232 1872 1518 1923 λεπτύνων.
2070 1886 2094 1923 5

385 1962 564 2023 θηρῶν
603 1959 651 2012 δ’
690 1958 769 2010 ἐπ’
810 1958 973 2010 αὐλὰς
1010 1957 1167 2021 ἦλθεν
1207 1958 1425 2020 ἄγγελος
1464 1959 1609 2023 φήμη

384 2045 468 2097 καὶ
506 2045 698 2097 πάντες
735 2045 932 2108 ἤλγουν
971 2045 1043 2096 ῶς
1081 2045 1294 2095 λέοντος
1332 2043 1625 2108 ἀρρῶςτου,

386 2131 745 2194 ἐπιςκοπήςων
785 2131 831 2183 δ’
871 2130 942 2182 εἷς
983 2131 1197 2181 ἕκαςτος
1237 2129 1404 2197 εἰςῄει.

386 2218 609 2269 τούτους
649 2218 837 2282 ἐφεξῆς
875 2217 1158 2282 λαμβάνων
1198 2215 1511 2280 ἀμοχθήτως

385 2304 670 2366 κατήςθιεν,
710 2307 874 2367 γῆρας
914 2305 973 2355 δὲ
1011 2303 1234 2366 λιπαρὸν
1270 2301 1498 2365 ηὑρήκει.
2039 2314 2090 2352 10

385 2390 521 2453 ςοφὴ
562 2388 607 2440 δ’
647 2388 861 2452 ἀλώπηξ
899 2388 1154 2451 ὑπενόηςε
1193 2389 1276 2439 καὶ
1315 2388 1502 2451 πόρρω

387 2476 623 2526 ςταθεῖςα
656 2468 894 2539 (βαςιλεῦ,
933 2477 1046 2526 πῶς
1084 2468 1258 2536 ἕχεις;’
1299 2472 1559 2536 ἐπηρώτα.

385 2558 623 2612 κάκεῖνος
663 2558 799 2612 εἶπε·
839 2555 1020 2623 ςχαῖρε,
1061 2559 1281 2624 φιλτάτη
1323 2559 1493 2625 ζῴων.

385 2646 432 2697 τί
471 2645 517 2698 δ’
556 2646 620 2698 οὐ
659 2647 938 2714 προςέρχῃ,
978 2646 1242 2710 μακρόθεν
1282 2645 1338 2696 δέ
1377 2662 1437 2709 με
1477 2644 1692 2711 ςκέπτῃς

46 2857 162 2901 ἀλλὰ
182 2863 329 2915 πρᾷος
352 2862 428 2903 καὶ
452 2861 484 2905 Β
566 2861 720 2915 ὥςπερ
745 2861 997 2915 ἄνθρωπος
1022 2862 1052 2904 Β
1142 2863 1169 2901 4
1191 2858 1467 2902 δυναςτείας
1491 2858 1525 2903 Α
1605 2860 1629 2899 5
1653 2858 1794 2902 Ζώων
1818 2857 1852 2902 Α
1931 2861 1956 2898 6
1979 2859 2095 2912 πρὸς

46 2915 223 2970 ἄλληλα
256 2917 288 2960 Β
406 2920 430 2958 7
472 2921 730 2971 πανταχῶς
763 2918 802 2959 δ’
837 2917 887 2972 G]
928 2918 1086 2961 πάντα
1125 2918 1191 2960 ῶς
1223 2917 1262 2959 δ’
1294 2918 1328 2961 Α
1358 2916 1516 2959 πάντα
1549 2916 1589 2957 δ’
1622 2916 1688 2958 ὡς
1722 2916 1777 2959 L÷÷
1894 2915 2094 2969 ὑπέςχεν

45 2973 275 3015 Eberhard
376 2977 403 3015 8
434 2974 487 3017 δέ
518 2976 561 3028 γ’
591 2974 867 3029 Lachmann]
903 2974 942 3017 δ’
967 2975 1037 3017 ἐπ’
1058 2975 1092 3019 Α
1125 2975 1174 3018 δὲ
1208 2976 1239 3018 Β
1344 2977 1368 3015 9
1401 2974 1451 3017 δὲ
1483 2976 1622 3015 Boiss.
1656 2987 1709 3014 ex
1739 2972 1770 3018 G
1791 2990 1845 3009 =
1870 2971 1920 3025 Β]
1956 2988 2039 3014 om.
2060 2972 2095 3017 Α

45 3029 202 3072 πάντα
234 3029 274 3071 δ’
304 3030 428 3085 εἶχεν
462 3030 656 3086 εἰρήνην
690 3031 742 3086 Α]
778 3033 908 3075 κύων
942 3032 991 3074 δὲ
1023 3034 1198 3086 λαγωῶ
1232 3031 1265 3076 Β
1374 3031 1490 3084 ἦγεν
1521 3031 1725 3072 Meineke
1846 3033 1897 3070 10
1929 3031 1969 3072 δ’
2001 3030 2092 3083 ἔφη

45 3087 231 3139 λαγωός
262 3086 312 3142 G]
354 3089 548 3142 λαγωὸς
589 3090 719 3132 εἶπεν
750 3092 784 3134 Α
825 3089 928 3131 τότ’
959 3090 1088 3132 εἶπεν
1118 3090 1266 3143 Bergk
1411 3088 1507 3141 ἐγὼ
1538 3087 1591 3141 Α]
1626 3088 1768 3140 ἔγωγ’
1799 3085 1918 3130 ἰδεῖν
1948 3088 2095 3141 Bergk

47 3146 98 3184 11
129 3143 310 3199 ἡμέραν
341 3145 377 3190 Α
473 3145 545 3189 ἀεί
577 3145 630 3201 Α]
663 3145 781 3189 ἰδεῖν
813 3147 1042 3188 Eberhard
1074 3161 1126 3187 ex
1158 3146 1188 3191 C
1209 3163 1264 3183 =
1288 3147 1334 3197 Β,
1366 3147 1444 3186 ubi
1474 3160 1544 3186 vv,
1571 3147 1736 3186 10—11
1769 3146 1836 3185 his
1858 3145 2096 3185 redduntur

44 3202 211 3243 verbis:
243 3201 269 3244 ὁ
290 3202 422 3246 πτὼξ
445 3203 497 3246 δὲ
520 3203 612 3256 ἔφη
628 3214 637 3223 ·
671 3203 890 3257 ηὐχόμην
912 3202 1031 3246 ἰδεῖν
1052 3204 1142 3256 τὴν
1165 3203 1348 3257 ἡμέραν
1370 3202 1554 3255 ταύτην
1646 3204 1696 3243 12
1728 3201 1929 3254 τάςθενῆ
1952 3203 2094 3243 Boiss.

46 3258 156 3301 duce
186 3256 218 3303 G
238 3275 293 3295 =
317 3259 350 3303 Β
383 3261 460 3314 qui
492 3261 628 3302 habet
658 3260 717 3302 τὰ
749 3260 937 3314 εὐτελῆ]
971 3260 1031 3302 τὰ
1064 3260 1201 3313 ςθένη
1235 3260 1269 3305 Α

213 3328 303 3373 103
334 3329 493 3374 Α3-4
519 3330 778 3383 (ςπήλυγξ),
813 3331 954 3372 3b—4
987 3330 1174 3386 (ἇςθμα)
1201 3331 1233 3376 8
1266 3332 1362 3375 373
1395 3330 1488 3374 1⁷91
1513 3348 1565 3366 =
1591 3329 1620 3374 G
1642 3344 1682 3383 p.
1701 3332 1783 3370 33ss
1805 3346 1861 3365 =
1881 3330 1992 3383 Aug.
2014 3331 2094 3369 140

45 3383 264 3430 01371-3
312 3406 370 3416 —
418 3390 444 3428 3
477 3386 636 3441 κοίλης
668 3388 757 3430 ἔςω
791 3388 845 3442 Α]
881 3389 1064 3431 κοιώςω
1099 3395 1174 3430 aut
1206 3388 1377 3431 κοιάςω
1411 3387 1442 3432 8
1546 3384 1619 3429 οἶά
1651 3398 1719 3428 τις
1750 3386 1906 3440 νούςῳ
1942 3384 1993 3440 8]
2029 3385 2094 3428 ῶς

44 3441 169 3496 νόςῳ
201 3442 396 3495 κάμνων
428 3444 464 3488 Α
597 3447 624 3486 4
657 3445 822 3497 καμὼν
857 3446 1075 3499 (κάμνων
1106 3447 1307 3487 nonnulli
1337 3446 1456 3496 libri)
1493 3443 1685 3486 ἑκέκλιτ’
1718 3442 1945 3496 (ἑβέβλητ’
1979 3442 2029 3492 8)
2062 3442 2093 3487 8

45 3498 269 3554 Meineke]
312 3500 465 3544 ἔκειτο
507 3499 676 3544 δολίως
717 3502 894 3556 (δόλιον
926 3505 1091 3556 Haupt)
1125 3504 1159 3547 Α
1198 3503 1275 3544 καὶ
1308 3503 1364 3555 δὴ
1398 3500 1784 3555 παραγενόμενος
1816 3499 1883 3543 εἴς
1912 3514 1957 3542 τι
1989 3498 2096 3552 ςπή-

47 3555 185 3598 λαιον
236 3558 314 3599 καὶ
367 3557 577 3601 ἐνταῦθα
624 3561 1004 3603 κατακλιθεὶς
1052 3559 1120 3611 (ἑν
1168 3558 1380 3614 ςπηλαίῳ
1426 3559 1517 3600 τινὶ
1564 3559 1973 3601 κατακλινθεὶς
2019 3556 2097 3606 01)

50 3618 380 3666 προςεποιεῖτο
416 3619 574 3658 νοςεῑν
605 3617 820 3669 χαλεπῶς
852 3617 956 3670 (τὸν
988 3620 1219 3660 νοςοῦντα
1250 3619 1361 3671 Aug.
1397 3618 1612 3669 χαλεπῶς
1643 3628 1725 3655 om.
1748 3613 1824 3665 01)
1859 3615 1884 3658 Ι-“
1907 3615 1965 3660 01
1985 3614 2097 3667 Aug.

47 3673 208 3713 νοςεῖν
255 3670 342 3714 οὖν
386 3672 785 3726 προςποιούμενος
831 3674 1230 3717 κατέκλινεν
1264 3672 1493 3716 ’ἑαυτὸν
1540 3671 1590 3713 ἕν
1635 3684 1728 3713 τινι
1774 3671 1985 3726 ςπηλαίῳ
2034 3670 2093 3716 63

47 3723 240 3770 ἔκειτο
271 3728 321 3770 δὲ
353 3728 404 3771 ἐν
434 3733 505 3783 τῷ
539 3728 750 3783 ςπηλαίῳ
783 3731 1185 3785 προςποιούμενος
1214 3735 1373 3774 νοςεῑν
1407 3731 1438 3770 Β
1573 3727 1761 3781 ἀληθῶς
1792 3729 1827 3774 Α
1966 3732 1990 3769 6
2023 3726 2092 3770 ἐπ’

47 3780 193 3826 αὐλὰς
222 3785 432 3827 Duebner
463 3785 509 3839 1.]
544 3786 750 3829 ἑπαύλας
780 3788 815 3831 Α
933 3787 1135 3840 ἀγγέλου
1169 3788 1203 3832 Α
1338 3790 1389 3828 10
1421 3786 1642 3838 κατήςθιε
1675 3787 1709 3830 Α
