2332 4134
881 285 1274 337 ——131-

390 425 463 478 ὡς
489 424 536 478 δ’
575 425 916 491 ἐμπαγέντων
954 431 1062 481 τῶν
1099 433 1287 481 ποδῶν
1325 430 1492 498 ᾄςςειν
1532 429 1645 482 ἄνω

387 510 486 564 οὐκ
522 511 784 575 ἠδύναντ’,
822 513 1046 579 ἕφηςαν·
1086 513 1244 579 ‘fulcit
1284 513 1470 576 ἄθλιαι,
2074 534 2102 572 5

388 598 445 650 αἳ
484 598 570 650 διὰ
607 588 856 663 βραχεῖαν
891 600 1093 665 ἡδονὴν
1132 592 1431 666 ὀλούμεθα’.

462 682 714 750 [πολλοῑςι
751 686 917 750 μήτηρ
956 687 988 750 ἡ
1027 687 1224 750 λιχνεία
1261 691 1369 740 τῶν
1407 687 1622 756 κακῶν]

385 940 610 1006 Δέλφαξ
648 940 877 993 ἐςελθὼν
916 941 1112 1006 ἐνέμετ’
1153 943 1209 995 ἐν
1245 940 1438 1012 ποίμνῃ
1479 942 1590 997 τινί.

371 1025 473 1078 ,καὶ
510 1026 575 1088 δή
613 1024 731 1077 ποτ’
773 1026 939 1078 αὐτὸν
978 1027 1329 1092 ςυλλαβόντος
1368 1030 1617 1093 ποιμένος

385 1111 652 1176 ἐκεκράγει
689 1129 745 1165 τε
782 1111 1076 1166 κάντέτεινε
1118 1114 1302 1183 <πόλλ’
1342 1113 1526 1184 ἄγαν>.

376 1198 452 1250 τὰ
490 1199 551 1252 δέ
587 1198 833 1264 πρόβατα
871 1198 1092 1265 δέλφακ’
1128 1202 1379 1269 ᾐτιῶντο·
1418 1196 1504 1267 (μὴ
1545 1202 1671 1267 βόα’

382 1282 519 1348 ἡμᾶς
553 1284 655 1348 γὰρ
695 1284 808 1336 αἰὲν
846 1285 1094 1350 λαμβάνει
1133 1285 1229 1338 κού
1270 1285 1565 1351 κράζομενῖ
2071 1303 2097 1340 5

386 1367 418 1420 ὁ
459 1367 503 1421 δ’
540 1362 659 1433 εοὐχ
697 1369 909 1434 ὁμοίως’
953 1369 1097 1423 εἶπεν
1141 1370 1287 1435 (ἡμᾶς
1325 1371 1602 1436 λαμβάνει·
2093 1372 2098 1379 ’

385 1453 520 1520 ὑμᾶς
557 1453 778 1520 ἀγρεύει
802 1456 904 1520 γὰρ
944 1456 1010 1509 δι’
1047 1456 1163 1522 ἔρια
1200 1458 1285 1509 καὶ
1320 1457 1471 1520 γάλα,

383 1542 470 1594 διὰ
507 1542 569 1594 τὸ
608 1542 765 1606 κρέας
801 1544 863 1596 δὲ
905 1541 1169 1612 <μοῦνον>
1214 1544 1304 1609 ἐμὲ
1346 1543 1787 1613 <ςυλλαμβάνει>’.

210 1627 269 1680 ‘0
307 1628 468 1691 λόγος
506 1631 658 1693 δηλοῖ
693 1628 778 1681 ὅτι
801 1629 1021 1682 εἰκότως
1049 1630 1237 1683 ἐκεῖνοι
1274 1629 1654 1695 ἀνοιμώζουςιν
1693 1629 1771 1683 οἷς
1798 1630 1828 1683 ὁ
1856 1631 2098 1683 κίνδυνος

41 1712 110 1767 οὐ
147 1714 264 1778 περὶ
302 1714 586 1779 χρημάτων
625 1715 775 1778 ἐςτίν,
815 1714 949 1768 ἀλλὰ
987 1717 1106 1780 περὶ
1145 1714 1306 1780 αὐτῆς
1343 1719 1437 1780 τῆς
1476 1716 1747 1780 ςωτηρίας.

384 1971 588 2040 Θέρούς
629 1973 752 2046 <ἐν>
795 1975 907 2045 ὥρῃ
947 1978 1254 2040 περιπατῶν
1291 1975 1492 2040 μύρμηξ
1534 1973 1730 2044 <ποτέ>

384 2061 609 2125 κριθίδια
645 2063 850 2126 πυρούς
887 2061 929 2113 τ’
972 2061 1117 2124 ἔλεγε
1157 2061 1267 2113 κατ’
1310 2059 1551 2125 ἄρουράν
1590 2078 1704 2113 τινα

383 2146 529 2216 αὑτῶ
568 2149 779 2214 τροφὴν
817 2151 1073 2214 χειμῶνος
1110 2146 1532 2212 ἀποθηςαυριῶν.

380 2232 477 2285 τὸν
515 2231 563 2285 δ’
601 2233 673 2286 ὡς
711 2234 856 2299 ἑώρα
894 2234 1161 2299 κάνθαρος
1198 2234 1512 2299 τεθαυμάκει

382 2318 456 2370 ῶς
478 2316 751 2372 -ἐπίπσνόν
792 2318 881 2388 <τε
919 2321 1002 2372 καὶ
1040 2316 1576 2388 ταλαιπωρούμενον>
2068 2331 2094 2370 5

37 2501 100 2556 (δ’
129 2501 294 2546 αὐτῶν
313 2504 446 2558 Aug.)
491 2507 614 2546 τῶν
645 2505 840 2547 ποδῶν
864 2505 939 2548 ὡς
970 2504 1071 2547 οὐκ
1102 2503 1396 2558 ἠδύναντο
1429 2503 1699 2557 ἀναπτῆναι
1718 2502 2090 2556 ἀποπνιγόμεναι

41 2558 222 2617 ἔφαςαν
263 2564 399 2611 (τῶν
443 2562 648 2604 ποδῶν
694 2561 858 2604 αὐτῶν
897 2561 1167 2616 ἀναπτῆναι
1198 2561 1303 2604 οὐκ
1334 2562 1481 2614 εἶχον·
1514 2560 1889 2613 άποπνιγόμεναι
1921 2561 1961 2603 δ’
1994 2561 2090 2604 ἐλε-

40 2625 148 2670 γον·
179 2616 229 2668 G)
275 2618 482 2661 ’ἄθλιαι
527 2619 715 2673 ἡμεῖς,
761 2618 817 2661 αἳ
862 2620 955 2672 (ὅτι
987 2619 1036 2670 G)
1083 2619 1172 2662 διὰ
1222 2621 1507 2674 βραχεῖαν
1554 2619 1780 2672 ἡδονὴν
1814 2620 2003 2673 (βρῶςιν
2036 2617 2086 2672 G)

31 2671 365 2728 -ᾶπολλύμεθα’.
395 2698 453 2707 —-
483 2676 625 2719 Οὕτω
657 2679 897 2720 πολλοῖς
930 2676 1168 2732 (πολλάκις
1200 2678 1349 2731 (Aug.)
1379 2677 1410 2728 ή
1443 2674 1661 2730 λιχνεία
1683 2676 1872 2719 πολλῶν
1894 2678 2090 2717 κακῶν

35 2729 167 2775 αἰτία
198 2731 347 2786 (αἰτία
376 2736 538 2776 κακῶν
567 2734 698 2789 Aug.)
730 2733 926 2787 γίνεται.
960 2735 1030 2779 fc
1059 2736 1173 2789 Aug.
1222 2754 1281 2764 —
1328 2733 1477 2789 1-[7]
1510 2739 1612 2775 rest.
1645 2733 1676 2778 G

47 2831 50 2834 .
210 2790 302 2834 237
350 2790 449 2835 [³72
481 2807 537 2828 =
568 2789 599 2836 (2
629 2806 672 2846 p.
703 2795 787 2833 362
818 2793 930 2846 Aug.
963 2795 1017 2833 86
1078 2792 1170 2833 Ἔν
1200 2804 1313 2834 τινι
1349 2789 1564 2846 ποίμνῃ
1606 2790 1878 2845 (προβάτων
1910 2790 2008 2831 add.
2043 2789 2089 2842 F)

38 2844 259 2900 δέλφαξ
290 2845 563 2891 εἰςελθὼν
594 2847 855 2901 ἐνέμετο.
887 2850 992 2891 καὶ
1026 2850 1090 2903 δή
1123 2862 1272 2891 ποτε
1303 2851 1389 2891 τοῦ
1422 2848 1708 2900 ποιμένος
1741 2846 2089 2899 ςυλλαμβάνον-

34 2914 123 2946 τος
153 2903 332 2948 αὐτὸν
362 2905 677 2960 ἐκεκράγει
706 2919 767 2949 τε
799 2907 888 2948 καὶ
921 2906 1240 2950 ἀντέτεινε.
1262 2909 1361 2948 τῶν
1385 2906 1441 2948 δὲ
1473 2905 1731 2959 προβάτων
1754 2905 1904 2947 αὐτὸν
1928 2903 2086 2946 αἰτιω-

44 2959 201 3012 μένων
231 2961 307 3005 ἐπὶ
336 2966 408 3018 τῷ
441 2965 558 3015 βοᾶν
579 2964 656 3005 καὶ
677 2964 924 3016 λεγόντων
955 2964 996 3017 ‘¹⁵1
1013 2968 1116 3017 μᾶς
1150 2963 1233 3016 μὲν
1263 2963 1387 3017 (γὰρ
1411 2963 1459 3015 Γ)
1484 2966 1692 3016 ςυνεχῶς
1715 2961 2083 3014 ςυλλαμβάνει

35 3017 132 3060 καὶ
179 3018 243 3061 οὐ
288 3020 600 3075 κράζομεν’
645 3020 737 3074 ἔφη
784 3021 904 3075 πρὸς
954 3024 1131 3064 ταῦτα·
1174 3019 1306 3062 (ἀλλ’
1356 3020 1460 3073 οὐχ
1503 3018 1672 3072 ὁμοία
1706 3021 1776 3072 (γε
1808 3020 1910 3060 add.
1944 3019 1991 3069 Γ)
2024 3022 2082 3071 τῇ

39 3072 246 3132 ὑμετέρᾳ
290 3077 320 3130 ἡ
369 3077 456 3130 ἐμὴ
503 3077 748 3131 ςύλληψις·
793 3079 945 3130 ὑμᾶς
992 3078 1097 3133 γὰρ
1130 3080 1159 3132 ἢ
1195 3077 1284 3119 διὰ
1316 3077 1376 3119 τὰ
1409 3077 1534 3131 ἔρια
1574 3076 1815 3131 ἀγρεύει
1847 3076 1876 3129 ἢ
1911 3075 1984 3117 διὰ
2017 3075 2082 3117 τὸ

39 3130 212 3184 γάλα,
252 3133 348 3186 ἐμὲ
381 3134 441 3178 δὲ
479 3134 567 3177 διὰ
603 3135 661 3179 τὸ
699 3134 902 3190 κρέας’.
945 3135 973 3181 Ι·“
1010 3138 1123 3190 Aug.
1162 3154 1220 3164 -
1282 3136 1391 3175 1-8
1428 3140 1529 3175 rest.
1571 3134 1602 3179 G
1752 3136 1880 3187 epim.
1914 3133 1942 3176 Ι·“
1972 3133 2081 3186 Aug.

35 3186 69 3229 ὁ
99 3195 143 3230 et
173 3189 324 3245 αὐτῆς
351 3194 438 3246 τῆς
469 3206 553 3235 om.
587 3192 616 3236 F

63 3251 69 3266 '·
211 3247 305 3292 238
351 3249 455 3292 584
485 3258 538 3285 =
570 3248 601 3293 G
631 3265 674 3305 p.
708 3251 793 3290 384
825 3248 856 3294 Β
888 3252 972 3291 244
1002 3251 1115 3305 Aug.
1150 3253 1230 3290 111
1263 3248 1485 3304 Θέρους
1518 3249 1637 3304 ὥρᾳ
1671 3248 1811 3302 (Ὥρᾳ
1844 3246 2010 3300 Θέρους
2038 3245 2088 3299 G)

46 3301 660 3360 μύρμηξπεῑριπατῶν
702 3306 919 3361 (περιιὼν
952 3306 1000 3358 G)
1041 3307 1187 3349 κατὰ
1229 3307 1321 3360 τὴν
1363 3306 1530 3359 (κατά
1571 3318 1705 3349 τινα
1738 3305 1785 3354 G)
1819 3304 2083 3357 ἄρουραν

36 3362 265 3414 πυροὺς
286 3360 461 3415 (ςίτους
484 3363 613 3418 Aug.)
636 3364 731 3406 καὶ
753 3364 956 3418 κριθὰς
978 3364 1269 3416 ςυνέλεγεν
1295 3362 1869 3417 ἀποθηςαυριζόμενος
1893 3360 2084 3414 ἑαυτῷ

14 3419 277 3471 γἰ’ροφὴν
317 3417 382 3463 εἰς
423 3420 510 3462 τὸν
548 3423 822 3474 χειμῶνα.
873 3421 1170 3476 κάνθαρος
1202 3421 1259 3463 δέ
1290 3423 1467 3463 τοῦτον
1500 3420 1787 3471 Θεαςάμενος
1818 3417 2083 3468 ἐθαύμαςεν

44 3470 336 3532 (ἑταλάνιζεν
366 3476 424 3530 ss)
466 3478 540 3519 ὡς
581 3477 1011 3529 ἐπιπονώτατον,
1059 3478 1157 3531 εἴγε
1197 3477 1308 3532 παρ’
1347 3477 1495 3520 αὐτὸν
1535 3478 1666 3529 (ὅλον
1707 3475 1752 3523 C)
1794 3475 1880 3517 τὸν
1918 3474 2085 3528 καιρὸν

43 3531 206 3583 μοχθεῑ
231 3533 364 3587 παρ’
385 3533 447 3576 ὃν
477 3533 545 3576 τὰ
577 3535 716 3577 ἄλλα
749 3537 863 3590 Ζῷα
893 3535 1088 3578 πόνων
1111 3535 1344 3588 ἀφειμένα
1368 3534 1677 3590 ῥᾳςτώνην
1700 3533 1827 3583 ἄγει
1849 3530 2086 3584 (ἀφέμενα

41 3584 96 3628 ἐν
119 3587 340 3645 ῥᾳςτώνῃ
365 3591 603 3643 διάγουςιν
627 3593 654 3636 F
678 3593 839 3645 μοχθεῑ
859 3592 988 3646 παρὰ
1009 3591 1197 3634 πάντα
1219 3592 1289 3635 τὰ
1313 3595 1429 3646 Ζῷα
1453 3590 1516 3639 G).
1550 3591 1575 3632 ὁ
1602 3591 1659 3632 δὲ
1683 3590 1885 3643 (μύρμηξ
1916 3589 2017 3629 add.
2039 3587 2085 3634 c)

43 3643 178 3688 τότε
208 3647 311 3699 μὲν
331 3648 648 3701 ἡςύχαζεν,
681 3650 929 3703 ὕςτερον
953 3650 1012 3691 δὲ
1035 3650 1136 3692 ὅτε
1168 3651 1254 3701 (ὡς
1287 3650 1332 3700 f)
1364 3648 1581 3702 χειμῶν
1613 3646 1816 3699 ἐνέςτη
1841 3644 2032 3697 (ἀνέςτη
2061 3645 2087 3688 Ρ

42 3698 554 3758 ἡςυχάςαςὺπήνεγκε.
595 3709 823 3758 χειμῶνος
863 3705 913 3748 δὲ
953 3706 1289 3759 ἐπιγενομένου
1326 3705 1373 3758 G)
1413 3705 1504 3746 καὶ
1537 3705 1565 3756 ἡ
1600 3704 1812 3757 κόπρος
1843 3703 1978 3745 ὕετο
2012 3704 2082 3756 τῷ

42 3754 206 3812 ὄμβρῳ
235 3762 495 3812 κλυςθεῖςα,
529 3764 622 3814 (καὶ
657 3763 751 3817 [καὶ
782 3777 867 3806 om.
887 3762 1018 3818 Aug]
1050 3766 1136 3816 τῆς
1166 3764 1344 3817 κόπρου
1367 3762 1459 3804 ὑπὸ
1482 3764 1566 3803 τοῦ
1606 3761 1782 3815 ὄμβρου
1814 3757 2085 3811 κλυςθείςης

43 3811 162 3867 [τῶν
193 3815 386 3861 ὑδάτων
415 3818 807 3872 κατακλυςθείςης
830 3819 875 3874 G]
910 3819 940 3865 0
961 3824 1092 3874 Aug.)
1125 3821 1151 3863 ὁ
1183 3820 1473 3873 κάνθαρος
1497 3818 1768 3871 (λιμώττων
1791 3817 1863 3858 hie
1884 3818 2017 3857 habet
2036 3815 2083 3867 G)
