2332 4134
853 323 921 329 —-
999 291 1096 344 141
1173 321 1245 328 —

987 434 1112 491 255

362 533 658 598 Ἐμάχοντο
698 535 1077 598 ςυμπλακέντες
1115 533 1290 585 αἰετὸς
1329 533 1570 597 δράκων·

366 619 396 672 ὁ
437 618 651 682 δράκων
688 620 783 683 μὲν
822 617 930 683 εἶχε
971 622 1240 684 ςυλλαβὼν
1279 619 1376 671 τὸν
1415 618 1606 672 αἰετόν.

365 705 496 758 ἰδὼν
536 694 583 757 δ’
624 703 874 769 ἀγροῖκος
909 709 1004 758 τοῦ
1046 705 1341 769 δράκοντος
1378 706 1473 769 τὴν
1511 706 1712 769 πλοκὴν

360 791 641 855 ἐλεύθερόν
672 786 794 860 ><γ’>
827 791 1001 856 ἀφῆκε
1039 792 1195 844 λύςας
1241 790 1433 843 αἰετόν.

369 874 642 946 <μέγιςτα>
682 879 980 941 χαλεπήνας
1019 879 1079 929 δὲ
1118 877 1203 929 διὰ
1243 876 1392 928 ταῦθ’
1431 876 1461 928 ὁ
1503 876 1716 941 δράκων
2049 893 2077 930 5

362 969 438 1033 τῷ
480 963 674 1027 πόματι
711 966 807 1015 τοῦ
849 964 1112 1015 ςώςαντος
1152 962 1234 1015 ἰὸν
1274 963 1473 1015 ἐντιθεῑ.

362 1049 498 1114 πρὸς
539 1048 757 1111 ἄγνοιαν
796 1048 893 1101 οὖν
931 1050 1215 1113 μέλλοντος
1255 1048 1506 1113 ἀγροικοῦ
1546 1052 1679 1102 πιεῖν

369 1132 606 1204 <ὕψους>
650 1136 918 1187 καταπτὰς
956 1135 1131 1187 αἰετὸς
1168 1136 1424 1199 ποτήριον

364 1225 552 1285 χειρῶν
589 1224 831 1284 γεωργοῦ
872 1222 1141 1285 ςυλλαβὼν
1182 1220 1424 1274 ἐξείλετο.

437 1305 662 1374 [χάριτες
699 1307 954 1371 μένουςιν,
998 1305 1176 1375 <ἴςθι,>
1219 1307 1344 1359 τοὺς
1383 1305 1696 1373 εὐεργέται]
2015 1322 2069 1360 10

987 1506 1113 1564 256

363 1615 561 1675 Ἁλιεύς
602 1619 740 1691 <τις>
782 1621 987 1685 ἡλίευεν
1026 1622 1082 1674 ἐν
1123 1621 1315 1690 ῥείθρῳ
1353 1621 1467 1674 τινί.

361 1710 473 1760 τοῖς
511 1707 736 1760 δικτύοις
774 1707 872 1760 οὖν
911 1707 1241 1772 ἑκατέρωθεν
1279 1708 1576 1772 περιλαβὼν

358 1794 421 1846 τὸ
461 1792 628 1859 ῥεῦμα
664 1798 740 1861 τῷ
781 1793 924 1863 κάλῳ
968 1810 1025 1846 τε
1063 1794 1361 1857 προςδήςας
1399 1794 1548 1845 λίθον
1582 1830 1584 1832 ψ

361 1879 582 1933 ἔτυπτεν
620 1879 784 1943 ὕδωρ,
826 1879 899 1932 ὡς
937 1879 1200 1945 φυγόντες
1238 1878 1414 1942 ἰχθύες

359 1964 828 2031 ἀπαραφυλάκτως
870 1967 1123 2030 ἐμπέςωςι
1161 1968 1272 2018 τοῖς
1313 1965 1541 2030 βρόχοις.
2042 1981 2071 2020 5

360 2053 490 2106 ἰδὼν
530 2055 589 2107 δέ
627 2070 703 2105 τις
740 2057 998 2106 ποιοῦντα
1036 2051 1180 2104 τοῦτ’
1220 2052 1508 2117 ἐμέμφετο’

363 2138 545 2193 <πίνειν
581 2139 732 2204 ὕδωρ
773 2141 982 2202 διαυγὲς
1019 2140 1155 2204 ἡμᾶς
1194 2138 1293 2191 οὐκ
1331 2137 1454 2206 ἑᾷς’.

360 2225 391 2278 ὁ
431 2224 479 2278 δ’
515 2217 648 2278 (ἀλλ’
687 2226 781 2278 ἐὰν
818 2225 903 2290 μή’
942 2226 1066 2291 φηςί
1104 2223 1364 2289 “ποταμὸν
1402 2222 1667 2289 ἀναθολῶ,

355 2314 486 2380 λιμῷ
528 2312 695 2376 δεήςει
735 2311 784 2376 μ’
822 2313 1110 2364 ἀποθανεῖν
1152 2308 1546 2380 <παραυτίκα>’.

181 2411 336 2464 Οὕτω
376 2411 460 2464 καὶ
497 2415 606 2464 τῶν
644 2412 857 2465 πόλεων
907 2412 958 2464 οἱ
1004 2411 1309 2477 δημαγωγοὶ
1346 2410 1468 2463 τότε
1506 2411 1721 2475 μάλιςτα
1758 2411 2075 2476 ἐργάζονται

20 2496 146 2553 ὅταν
184 2498 278 2551 τὰς
315 2495 573 2562 πατρίδας
612 2498 684 2551 εἰς
722 2499 917 2551 ςτάςεις
955 2497 1355 2563 περιαγάγωςιν.

185 2739 278 2784 255
310 2739 442 2784 Ι-“215
473 2757 528 2776 =
559 2738 720 2784 (23031
773 2739 1021 2794 Δράκων
1053 2741 1129 2782 καὶ
1162 2739 1333 2782 ἀετὸς
1375 2737 1811 2791 ςυμπλακέντες
1842 2736 2063 2791 ἀλλήλοις

18 2794 328 2850 ἐμάχοντο·
376 2797 455 2840 καὶ
494 2797 520 2839 ό
561 2797 662 2849 μὲν
702 2797 943 2851 δράκων
983 2798 1099 2850 εἶχε
1140 2797 1245 2839 τὸν
1287 2795 1464 2840 ἀετὸν
1496 2795 1812 2848 ςυλλαβών.
1842 2795 2058 2849 γεωργὸς

20 2851 79 2898 δὲ
121 2852 261 2897 ἰδών
306 2853 481 2897 λύςας
526 2854 636 2906 τὴν
682 2855 902 2907 πλοκὴν
947 2857 1056 2897 τοῦ
1105 2854 1432 2910 δράκοντος
1479 2853 1749 2905 αὐτόνομον
1788 2851 1942 2906 ἀφῆκε
1973 2852 2063 2894 τὸν

19 2907 175 2955 ἀετόν.
216 2910 548 2965 χαλεπήνας
594 2911 653 2954 δὲ
694 2911 768 2955 ἐπὶ
806 2912 997 2954 τούτοις
1036 2912 1061 2954 ὁ
1104 2911 1339 2966 δράκων
1377 2909 1466 2953 ἰὸν
1505 2910 1660 2963 ἀφῆκε
1699 2913 1777 2964 τῷ
1824 2912 1927 2952 τοῦ
1962 2909 2059 2951 ςώ-

20 2978 234 3012 ςαντος
271 2968 512 3020 πόματι·
561 2972 717 3012 πιεῖν
759 2969 810 3012 δὲ
847 2972 948 3011 τοῦ
970 2972 1190 3023 γεωργοῦ
1222 2969 1364 3023 πρὸς
1397 2968 1644 3020 ἄγνοιαν
1679 2966 2000 3019 μέλλοντος
2033 2966 2063 3007 ὁ

19 3022 194 3069 ἀετὸς
224 3024 527 3069 καταπτὰς
567 3028 667 3068 τῶν
705 3029 792 3068 τοῦ
833 3029 1106 3080 γεωργοῦ
1146 3029 1360 3080 χειρῶν
1392 3025 1641 3079 ἐξαιρεῖται
1670 3025 1764 3078 τὴν
1793 3024 1970 3066 κύλικα.
2008 3046 2062 3053 -

18 3078 163 3125 Τοὺς
197 3081 249 3127 εὖ
282 3085 540 3126 ποιοῦντας
574 3082 817 3134 μένουςι
847 3084 1051 3137 χάριτες.
1087 3082 1154 3128 fc
1200 3103 1259 3112 —
1312 3081 1490 3137 1-[10]
1524 3088 1625 3124 rest.
1660 3080 1690 3125 G

100 3187 104 3192 ·
186 3167 280 3213 256
313 3169 442 3213 {⁷241
473 3185 528 3204 =
559 3167 661 3213 087
692 3170 803 3224 Aug.
823 3172 877 3210 26
911 3168 1133 3212 Ἁλιεὺς
1166 3169 1226 3211 ἔν
1257 3181 1371 3211 τινι
1400 3171 1601 3223 ποταμῷ
1633 3165 1847 3220 ἡλίευε.
1886 3166 1962 3207 καὶ
1995 3165 2054 3216 δὴ

18 3223 298 3269 κατατείνας
338 3223 593 3279 (διατείνας
633 3227 683 3269 δὲ
724 3226 809 3275 fc)
851 3227 911 3269 τὰ
960 3225 1125 3268 δίκτυα
1168 3226 1234 3269 ὡς
1273 3225 1550 3279 περιέλαβεν
1592 3223 1962 3276 ἑκατέρωθεν
1994 3222 2064 3263 τὸ

20 3280 198 3335 ῥεῦμα
228 3281 566 3338 προςδήςας
597 3283 750 3338 κάλῳ
784 3282 945 3326 λίθον
978 3284 1195 3327 ἔτυπτε
1225 3282 1282 3325 τὸ
1314 3283 1475 3337 ὕδωρ
1502 3281 1680 3332 (καὶτὸ
1704 3282 1879 3333 ῥεῦμα
1909 3292 2063 3332 περι-

17 3338 211 3392 λαβὼν
235 3339 607 3394 ἑκατέρωθεν
633 3339 855 3395 καλωδίῳ
887 3339 1215 3395 προςδήςας
1236 3338 1401 3383 λίθον
1418 3339 1558 3382 τὸῦδ
1578 3352 1656 3393 ωρ
1679 3338 1928 3379 ἔτυπτεν
1954 3334 2059 3386 ΡΒ),

0 3393 147 3446 ,ὅπως
177 3395 221 3438 οἱ
252 3394 450 3450 ἰχθύες
481 3396 746 3450 φεύγοντες
778 3397 1291 3452 ἀπαραφυλάκτως
1323 3401 1449 3439 τοῖς
1483 3396 1715 3450 βρόχοις
1755 3392 2058 3444 ἑμπέςωςι.

22 3453 120 3495 τῶν
151 3452 212 3496 δὲ
241 3454 350 3509 περὶ
379 3453 467 3496 τὸν
498 3452 648 3496 τόπον
679 3453 943 3498 οἰκούντων
974 3467 1061 3497 τις
1093 3454 1381 3506 θεαςάμενος
1414 3453 1582 3506 (αὐτὸν
1604 3452 1702 3495 add.
1725 3451 1856 3505 Aug.)
1879 3452 2058 3491 τοῦτο

18 3511 296 3553 ποιοῦντα
337 3509 637 3563 ἐμέμφετο
680 3514 745 3555 ως
784 3513 870 3554 τὸν
911 3511 1129 3563 ποταμὸν
1169 3513 1406 3554 θολοῦντα
1448 3511 1524 3552 καὶ
1569 3510 1628 3562 μὴ
1677 3508 1832 3550 ἐῶντα
1881 3506 2058 3549 αὐτοὺς

19 3563 258 3619 διαυγὲς
298 3567 458 3622 ὕδωρ
496 3563 687 3611 πίνειν
729 3571 821 3620 (καὶ
856 3569 1020 3612 διειδὲς
1060 3569 1215 3622 ὕδωρ
1252 3569 1310 3620 μὴ
1357 3569 1694 3621 ςυγχωροῦντα
1733 3562 1921 3608 πίνειν
1955 3563 2060 3614 Fe).

19 3621 46 3664 ὁ
84 3621 141 3665 δὲ
181 3625 274 3671 (καὶ
315 3624 367 3667 ὃς
409 3623 496 3677 fc)
538 3621 850 3679 ἀπεκρίνατο·
892 3625 1022 3668 (ἀλλ’
1060 3624 1160 3667 ἐὰν
1205 3623 1262 3674 (εἰ
1295 3624 1375 3675 fc)
1418 3626 1485 3676 μὴ
1530 3623 1685 3665 οὕτωε
1718 3620 1878 3670 (Οὗτοί
1911 3619 1998 3670 FC)
2031 3621 2057 3661 ὁ

17 3680 230 3732 ποταμὸς
251 3681 538 3736 ταράςςηται
562 3683 868 3737 (ταράττεται
902 3683 1003 3735 ΠΣ).
1036 3682 1132 3733 ἐμὲ
1167 3682 1362 3734 δεήςει
1383 3681 1686 3733 λιμώττοντα
1709 3678 2057 3722 ἀποθανεῖν’,

21 3733 93 3780 Η)
122 3737 234 3792 Aug.
281 3758 339 3768 —
391 3741 517 3779 1-9
548 3745 649 3781 rest.
684 3739 714 3784 G
864 3742 989 3794 epim.
1024 3739 1091 3784 Fe
1122 3739 1233 3794 Aug·
1384 3738 1538 3781 (τάεῑν
1571 3737 1598 3780 F
