2332 4134
896 266 1204 317 „5-

366 413 499 467 εἷναί
539 411 582 463 τ’
622 411 830 474 ἀληθεῖς
870 411 954 461 καὶ
992 410 1057 460 τὰ
1095 406 1248 459 πάντ’
1288 408 1613 459 ἐποπτεύειν.

365 500 439 553 ὡς
475 500 521 552 δ’
562 497 805 550 εἰςιόντες
844 496 937 546 τὰς
976 495 1142 546 πύλας
1181 494 1280 544 ἐπὶ·
1304 494 1496 556 κρήνης

363 585 490 638 τοὺς
527 583 699 636 πόδας
738 582 911 634 ἕνιζον
950 579 1241 632 κάπέθεντο
1282 580 1375 630 τὰς
1413 579 1601 641 πήρας,
2032 586 2086 623 10

364 674 525 735 κῆρυξ
565 670 760 734 ἐφώνει
798 667 960 730 χιλίας
1001 666 1296 729 ἀριθμήςειν

365 757 602 821 μήνυτρα
640 755 812 806 ςύλων
851 751 929 804 ὧν
968 752 998 803 6
1039 753 1162 804 θεὸς
1202 751 1438 814 ἐςυλήθη.

363 842 394 895 ὁ
435 844 495 894 δὲ
531 839 675 892 τοῦτ’
715 839 942 891 ἀκούςας
982 832 1148 889 εἶπεν·
1189 832 1280 889 (ὡς
1319 837 1485 900 μάτην
1524 835 1660 898 ἥκω·

365 929 588 981 κλέπτας
625 927 726 988 γὰρ
768 924 959 975 ἄλλους
996 927 1110 974 πῶς
1149 923 1179 974 6
1220 923 1342 974 θεὸς
1383 922 1447 972 ἂν
1487 921 1661 982 εἰδείη,

365 1013 426 1065 ὃς
464 1013 589 1064 τοὺς
628 1012 822 1063 ἑαυτοῦ
863 1013 1051 1074 φῶρας
1092 1009 1209 1072 οὐχὶ
1248 1010 1498 1070 γινώςκει,
2033 1017 2085 1056 15

364 1102 507 1162 ζητεῖ
544 1100 604 1150 δὲ
643 1100 823 1160 μιςθοῦ
864 1097 930 1159 μή
970 1112 1044 1146 τις
1083 1093 1230 1147 οἶδεν
1270 1091 1623 1157 ἀνθρώπων;’

192 1185 311 1239 Ὅτι
349 1187 449 1250 χρὴ
489 1183 717 1236 ἀπιςτεῑν
756 1185 865 1234 τοῖς
904 1181 1332 1244 ὑπιςχνουμένοις
1371 1178 1447 1231 ὧν
1487 1179 1583 1230 οὔκ
1624 1178 1714 1230 εἰςι
1754 1176 2016 1230 δεςπόται.

1036 1311 1074 1367 3

364 1400 524 1463 Αἰγάς
562 1399 680 1452 ποτ’
719 1399 791 1451 εἰς
830 1399 1047 1450 ἔπαυλιν
1085 1397 1307 1449 αἰπόλος
1346 1397 1564 1449 κλείζων

366 1490 481 1551 μιῆς
519 1485 772 1538 ἀπειθοῦς
812 1485 868 1536 ἐν
906 1485 1139 1548 φάραγγι
1177 1483 1480 1546 τρωγούςης

367 1571 475 1640 [ἐπὶ
505 1573 663 1634 ςηκόν
697 1570 838 1632 ἄγειν
868 1571 931 1631 θ,
971 1570 1043 1621 ὡς
1076 1570 1127 1621 αἱ
1158 1571 1252 1631 μὲν
1282 1568 1463 1631 ἦλθον,
1497 1567 1549 1619 αἱ
1582 1567 1627 1618 δ
1655 1564 1850 1632 οὔπω,]

363 1658 530 1722 κόμην
567 1660 811 1719 γλυκεῖαν
850 1656 1052 1717 αἰγίλου
1092 1673 1146 1707 τε
1187 1657 1270 1706 καὶ
1310 1655 1487 1717 ςχίνου

365 1745 427 1796 τὸ
468 1744 623 1807 κέρας
663 1746 848 1805 κατῆξε
888 1741 1154 1805 μακρόθεν
1192 1741 1319 1809 λίθῳ
1358 1741 1570 1803 πλήξας.

365 1832 461 1894 τὴν
500 1830 547 1883 δ’
584 1830 806 1882 ἱκέτευε·
846 1828 955 1892 <μή,
995 1829 1241 1892 Χίμαιρα,
1280 1828 1557 1889 ςυνδούλη,

366 1917 502 1980 πρὸς
540 1920 636 1968 τοῦ
677 1933 728 1967 ςε
767 1915 975 1976 Πανός,
1016 1914 1076 1966 ὃς
1114 1914 1285 1965 νάπας
1325 1914 1619 1981 ἐποπτεύει,

364 2006 440 2073 τῷ
479 2003 731 2070 δεςπότῃ,
771 2001 1016 2065 Χίμαιρα,
1055 2002 1121 2064 μή
1163 2018 1222 2063 με
1263 2001 1512 2067 μηνύςῃς·

370 2089 516 2142 ἄκων
552 2089 652 2152 γὰρ
691 2087 986 2151 ηύςτόχηςα
1023 2089 1119 2138 τὸν
1158 2087 1306 2138 λίθον
1346 2084 1538 2150 ῥίψας’

366 2177 399 2239 ἡ
439 2175 484 2228 δ’
524 2173 661 2227 εἰπε·
703 2173 801 2225 ‘mi
839 2176 952 2224 πῶς
991 2173 1150 2236 ἔργον
1190 2172 1420 2236 ἐκφανὲς
1459 2171 1671 2234 κρύψω;
2037 2185 2089 2222 10

367 2262 431 2314 τὸ
470 2262 626 2324 κέρας
666 2261 910 2323 κέκραγε,
949 2259 1045 2311 κᾶν
1086 2260 1189 2320 ἐγὼ
1229 2257 1507 2321 ςιωπήςω.’

196 2348 312 2401 Ὅτι
351 2348 416 2399 τὰ
451 2347 671 2414 δημοςίᾳ
698 2346 1066 2410 ἁμαρτηθέντα
1102 2346 1211 2397 κατ’
1232 2332 1435 2396 ὀὐδένα
1473 2344 1677 2408 τρόπον
1706 2345 1801 2407 χρὴ
1831 2345 2090 2408 κρύπτειν.

364 2557 563 2615 Ἁλιεὺς
602 2564 854 2626 ςαγήνην,
893 2564 956 2626 ἣν
993 2564 1178 2614 νεωςτὶ
1218 2563 1466 2626 βεβλήκει,

367 2648 562 2702 ἀνεῖλε·
602 2649 813 2712 τοῦψου
854 2648 900 2700 δ’
939 2649 1090 2712 ἔτυχε
1130 2649 1367 2700 ποικίλου
1407 2649 1622 2710 πλήρης.

367 2737 476 2786 τῶν
514 2735 559 2786 δ’
599 2734 796 2797 ἰχθύων
836 2734 866 2785 ὁ
907 2735 1097 2786 λεπτὸς
1136 2735 1208 2786 εἰς
1248 2735 1413 2798 βυθὸν
1451 2735 1667 2798 φεύγων

367 2819 651 2873 ὑπεξέδυνε
691 2821 904 2872 δικτύου
944 2821 1296 2883 πολυτρήτου,

368 2907 398 2958 6
438 2908 596 2970 μέγας
635 2907 679 2958 δ’
721 2905 993 2970 ἀγρευθεὶς
1032 2906 1103 2957 εἰς
1143 2907 1204 2958 τὸ
1243 2909 1434 2957 πλοῖον
1473 2906 1706 2968 ἡπλώθη.
1784 2944 1791 2950 .
2065 2919 2089 2957 5

370 2991 621 3060 [ςωτηρία
659 2994 772 3044 πώς
812 2993 913 3044 ἐςτι
953 2994 1036 3044 καὶ
1076 2996 1251 3044 κακῶν
1290 2993 1391 3045 ἔξω

367 3079 430 3130 τὸ
468 3079 654 3142 μικρὸν
693 3076 850 3130 εἶναι·
888 3079 984 3130 τὸν
1022 3080 1183 3141 μέγαν
1222 3081 1281 3130 δὲ
1319 3081 1380 3144 τῇ
1423 3079 1550 3146 δόξῃ

369 3163 597 3215 ςπανίως
633 3162 767 3215 ἴδοις
807 3163 872 3214 ἂν
913 3163 1215 3228 ἐκφυγόντα
1253 3163 1545 3231 κινδύνων]

2065 1753 2090 1791 υτ

204 3322 257 3360 14
287 3319 313 3362 ὁ
339 3319 446 3362 θεὸς
477 3318 723 3372 Eberhard]
759 3320 865 3362 θεὸς
898 3320 931 3363 Α
963 3321 1070 3362 θεὸς
1101 3322 1144 3372 γ’
1176 3336 1230 3361 m.
1253 3334 1339 3362 rec.
1364 3321 1397 3364 Α
1487 3320 1621 3374 ἠδείη
1658 3321 1690 3363 Α
1782 3322 2089 3375 epimythium:

32 3375 118 3418 οὔκ
150 3373 231 3419 εἰςι
262 3375 483 3419 δεςπόται
515 3375 565 3429 G]
601 3374 765 3419 εἰςὶδες
795 3375 934 3442 πίτ-α·
966 3377 1001 3421 Α
1033 3376 1225 3421 εἰςεῖδες
1255 3379 1392 3421 πιςτά
1424 3380 1566 3419 Boiss.
1600 3377 1751 3420 πίςτιν
1784 3379 1978 3420 Dindorf

499 3435 522 3485 β
554 3446 583 3475 α
613 3447 642 3486 γ

200 3490 230 3534 3
259 3490 295 3534 Α
317 3491 389 3535 84
414 3510 473 3518 -
503 3494 550 3531 2.
561 3493 606 3531 3.
616 3493 643 3531 4
675 3491 803 3543 (βαγ
835 3505 967 3545 supra
991 3494 1164 3545 scripsit
1190 3506 1244 3532 m.
1269 3492 1314 3545 2)
1344 3493 1378 3536 Α
1468 3496 1492 3532 2
1518 3495 1620 3543 μιᾶς
1642 3492 1677 3535 Α
1769 3490 1833 3548 [3]
1857 3493 2091 3535 Schneide-

29 3549 139 3599 win3
171 3561 254 3588 om.
279 3547 312 3591 Β
401 3551 426 3589 5
449 3548 622 3601 κατῆξε
646 3549 902 3588 Lachmann
925 3552 1118 3600 (secutus
1140 3549 1462 3602 tetrastichon)]
1490 3549 1687 3591 κατέαξε
1710 3549 1743 3592 Α
1819 3551 1845 3591 6
1877 3547 2090 3604 Χίμαιρα,

31 3603 280 3657 ςυνδούλη,
313 3602 363 3658 ὃ]
396 3603 589 3659 χίμαιρα
621 3605 853 3658 ςυνδούλη
888 3606 920 3649 Α
1010 3608 1036 3646 8
1067 3604 1265 3660 Χίμαιρα
1300 3605 1350 3659 G]
1384 3606 1575 3661 χίμαιρα
1607 3607 1640 3650 Α

198 3661 234 3705 4
253 3661 288 3704 Α
311 3661 381 3704 88
410 3686 469 3695 —
498 3666 523 3702 2
556 3661 732 3705 ἀνεῖλε·
768 3662 968 3716 τοῦψου
982 3661 1033 3715 G]
1067 3661 1284 3706 ἀνείλετ’
1322 3663 1446 3717 ὄψου
1478 3663 1511 3706 Α
1545 3663 1786 3707 ἀνεῖλκεν·
1810 3663 1875 3718 ὄψ
1878 3677 1933 3707 ου
1956 3665 2093 3705 Eber-

30 3715 139 3757 hard
240 3717 388 3773 [6-8]
422 3720 672 3772 Eberhard3
706 3738 756 3756 =
791 3719 1005 3773 promyth.
1031 3721 1062 3763 Β
1152 3723 1176 3760 6
1209 3724 1311 3763 πῶς
1344 3720 1378 3764 Α
1483 3722 1508 3759 8
1540 3720 1778 3764 κινδύνων
1801 3719 1966 3775 Bergk]
1999 3718 2091 3763 κίν-

35 3769 179 3815 δυνον
210 3774 244 3818 Α
275 3775 524 3818 κινδύνους
558 3777 588 3819 Β
684 3801 688 3804 ·
