2332 4134
1040 290 1394 340 —14—

608 432 820 504 [βορρᾶς
860 436 953 496 μὲν
992 433 1133 484 οὕτω
1174 433 1457 494 ςυγκριθεὶς
1498 431 1736 492 ε’νικήθη·
1800 452 1803 453 ’

533 522 666 581 λέγει
706 519 751 571 δ’
791 518 821 569 ὁ
862 522 1048 582 μθθος’
1090 516 1405 583 (πρᾳότητα,
1445 519 1551 575 παῖ,
1591 516 1768 578 ζήλου.
2188 527 2239 566 15
2323 506 2332 519 ³

536 606 736 657 ἀνύςεις
774 621 819 655 τι
857 607 1029 655 πειθοῖ
1066 606 1262 666 μᾶλλον
1300 604 1329 665 ἢ
1373 603 1457 668 βίᾳ
1496 599 1722 668 ῥέζων.’]

363 699 545 751 Μῦθος
582 699 868 760 παραινῶν,
923 695 1002 746 ὅτι
1039 695 1103 746 οὐ
1143 696 1240 758 χρὴ
1282 694 1554 758 φιλόνικον
1593 692 1751 754 εἶναι,
1807 692 1939 744 ἀλλὰ
1987 693 2244 756 πραΰτητι
2329 735 2332 766 1.

193 789 275 837 καὶ
313 787 485 837 πειθοῖ
522 783 699 836 ἀνύειν
739 783 802 833 τά
843 782 1122 844 ἀνήκοντα.
2326 771 2332 787 ⁴

1182 911 1252 966 19

533 1004 732 1067 Βότρυς
771 1004 1010 1066 μελαίνης
1050 1002 1286 1065 ἀμπέλου
1325 1002 1628 1064 παρωρείου

532 1089 906 1153 ἀπεκρέμαντο.
947 1090 1071 1140 τοὺς
1111 1091 1169 1139 δὲ
1208 1088 1411 1150 ποικίλη
1450 1088 1660 1150 πλήρεις

532 1175 713 1228 ἰδοῦςα
753 1175 922 1236 κερδὼ
962 1173 1208 1224 πολλάκις
1248 1175 1341 1235 μὲν
1381 1173 1596 1236 ὡρμήθη

532 1262 749 1322 πηδῶςα
786 1259 962 1309 ποςςὶν
1001 1261 1284 1321 πορφυρῆς
1323 1260 1481 1319 θιγεῖν
1520 1256 1659 1319 ὥρης

532 1344 595 1407 ἦν
632 1346 732 1407 γὰρ
767 1345 1012 1406 πέπειρος
1052 1343 1154 1394 κείς
1194 1343 1453 1406 τρύγητον
1492 1341 1696 1405 ἀκμαίη.
2215 1359 2240 1396 5

531 1434 763 1494 καμοῡςα
802 1428 849 1480 δ’
889 1428 1059 1479 ἄλλως
1101 1428 1182 1489 (οὐ
1220 1428 1320 1491 γὰρ
1359 1427 1532 1490 ἴςχυεν
1572 1428 1779 1491 ψαύειν)

533 1518 798 1578 παρῆλθεν
837 1515 979 1566 οὕτω
1021 1517 1346 1577 βουκολοῦςα
1385 1515 1479 1575 τὴν
1517 1514 1708 1575 λύπην·

528 1593 732 1664 (ὄμφαξ
775 1600 805 1651 ὁ
847 1600 1052 1663 βότρυς,
1092 1599 1155 1650 οὐ
1195 1600 1458 1661 πέπειρος,
1498 1599 1570 1650 ὡς
1611 1598 1788 1664 ᾤμην.>

360 1695 421 1752 ‘O
461 1705 624 1764 μῦθος
663 1701 856 1763 ἐλέγχει
895 1700 1018 1750 τοὺς
1058 1699 1129 1750 εἰς
1177 1698 1439 1762 ἀνέκβατα
1486 1702 1779 1750 κοπιῶντας
1827 1699 2107 1763 πράγματα
2158 1702 2241 1754 καὶ

191 1788 397 1839 τούτων
437 1785 789 1850 ἀςτοχοῦντας
826 1785 1059 1849 τρόπους
1099 1787 1310 1848 ψευδεῖς
1350 1785 1825 1848 προβαλλομένους.

1173 1927 1256 1982 20

534 2021 800 2084 Βοηλάτης
840 2020 1041 2083 ἅμαξαν
1080 2018 1204 2082 ἦγεν
1244 2020 1300 2070 ἐκ
1339 2020 1526 2082 κώμης.

531 2109 621 2168 τῆς
661 2106 705 2157 δ’
747 2106 1059 2168 ἐμπεςούςης
1098 2104 1169 2156 εἰς
1209 2104 1459 2168 φάραγγα
1497 2106 1721 2167 κοιλώδη

531 2193 654 2244 δέον
693 2194 900 2254 βοηθεῖν
940 2191 1099 2241 αὐτὸς
1139 2189 1302 2250 ἀργὸς
1341 2189 1575 2253 εἱςτήκει,

531 2283 606 2346 τῷ
647 2276 693 2328 δ’
731 2276 971 2340 Ἡρακλεῖ
1008 2275 1335 2339 προςηύχεθ’,
1377 2275 1439 2326 ὃν
1476 2276 1642 2339 μόνον
1681 2276 1899 2329 πάντων

532 2365 669 2414 θεῶν
708 2361 915 2424 ἀληθῶς
953 2361 1256 2424 προςεκύνει
1294 2377 1348 2411 τε
1389 2360 1591 2424 κάτίμα.
2213 2378 2238 2416 5

532 2447 692 2499 αὐτὸς
731 2445 776 2498 δ’
816 2447 1021 2497 ἐπιςτὰς
1060 2444 1197 2497 εἶπε·
1238 2444 1370 2496 ετῶν
1409 2450 1617 2508 τροχῶν
1657 2446 1826 2499 ἅπτου

531 2534 614 2584 καὶ
652 2533 776 2582 τοὺς
816 2532 942 2595 βόας
983 2532 1224 2595 κε’ντριῑε.
1265 2534 1374 2582 τοῖς
1415 2535 1554 2582 θεοῖς
1593 2531 1638 2583 δ’
1680 2533 1856 2596 εὔχου,

533 2617 663 2668 ὅταν
701 2634 746 2667 τι
784 2621 937 2683 ποιῇς
977 2618 1183 2678 καύτός,
1223 2619 1252 2680 ἢ
1295 2617 1461 2679 μάτην
1499 2617 1653 2685 εὔξῃ.’

1172 2759 1243 2815 21

533 2851 662 2903 Βόες
701 2853 979 2915 μαγείρους
1020 2851 1268 2903 ἀπολέςαι
1306 2852 1422 2903 ποτ’
1463 2853 1685 2915 ἐζήτουν

534 2937 751 2999 ἔχοντας
793 2937 970 2988 αὐτοῖς
1008 2938 1258 3000 πολεμίην
1298 2939 1588 3001 επιςτήμην.

366 3092 570 3148 [14-16]
595 3094 821 3133 Eberhard
903 3095 1068 3133 15—16
1087 3111 1138 3129 --
1158 3094 1190 3137 Β
1209 3095 1423 3147 promyth.
1510 3096 1562 3134 16
1585 3092 1659 3148 βίᾳ
1679 3107 1723 3135 τι
1743 3092 1975 3147 πράττων
1991 3093 2236 3148 θεοιιςίἆβε

194 3166 319 3206 epm).
353 3153 473 3251 13)θῖ
503 3149 612 3246 θΑ-Ἰ
631 3205 662 3250 8
697 3204 885 3260 (αἰώρα)
917 3208 942 3246 8
970 3208 1112 3259 Etym.
1129 3208 1188 3247 M.
1213 3207 1406 3259 (ὄμφαξ)
1429 3208 1701 3248 phavorinus
1724 3222 1764 3260 p.
1783 3209 1867 3248 350
1886 3207 2020 3248 Dind.
2042 3205 2085 3250 {B
2099 3207 2152 3247 18
2179 3225 2239 3236 —

195 3267 217 3305 1
251 3261 521 3318 παρωρείου
553 3261 604 3315 G]
638 3261 883 3316 παρωρείη
917 3262 950 3305 Α
981 3262 1090 3316 παρ’
1112 3261 1262 3318 αἰώρῃ
1298 3266 1437 3308 Bois&
1547 3267 1657 3305 2-3
1686 3263 1879 3318 πλήρεις
1898 3262 2059 3306 ἰδοῠςα
2081 3261 2235 3317 κερδὼ

193 3319 379 3374 Ahrens]
414 3318 573 3362 ἰδοῡςα
603 3319 794 3373 πλήρεις
824 3319 858 3362 Α
953 3322 977 3359 5
1009 3318 1181 3371 ἀκμαία
1212 3321 1246 3363 Α
1335 3324 1359 3362 6
1392 3336 1469 3375 pro
1501 3322 1583 3362 hoc
1613 3334 1744 3361 versu
1767 3321 1798 3366 S
1831 3322 1963 3361 habet
1990 3317 2071 3360 hos
2102 3319 2238 3360 duos:

196 3377 261 3420 ὡς
303 3377 342 3419 δ’
374 3376 459 3418 οὐκ
497 3375 742 3429 ἀφικνεῖτ’,
785 3375 884 3417 ἀλλ’
919 3375 1087 3427 ἔκαμνε
1128 3376 1345 3429 πηδῶςα,
1386 3377 1526 3420 οὐδὲν
1566 3380 1828 3432 κρεμαςτῆς
1867 3378 2034 3431 ςχοῦςα
2072 3376 2237 3418 πλεῖον

195 3431 383 3488 αἰώρας.
445 3434 573 3474 huius
618 3435 796 3474 fabulae
840 3434 987 3473 neseio
1027 3447 1082 3474 an
1123 3434 1157 3477 Α
1196 3435 1377 3475 formam
1418 3436 1627 3489 praebeat
1669 3436 1715 3474 in
1755 3436 1930 3476 brevius
1969 3437 2237 3474 cantu-aetam

193 3493 403 3542 καμοῦςα
435 3490 467 3533 Β
493 3489 662 3544 Nauck]
695 3490 936 3540 κάμνουςα
966 3489 999 3532 Α
1108 3489 1234 3543 ἴςχυε
1266 3492 1405 3534 Boiss.
1532 3493 1558 3532 8
1589 3490 1645 3534 οὐ
1677 3490 1712 3534 Α
1741 3488 1946 3544 Phavor.]
1980 3490 2040 3541 μὴ
2073 3489 2144 3532 Et.
2171 3489 2235 3531 M.
2314 3508 2319 3511 ·

196 3550 322 3601 epim.
356 3547 1039 3647 τὲἣοῖαλῠλῗέιένὲυῗ(ειηΟΙιῖγΙῙιιιιε
1071 3549 1195 3643 ap12517
1202 3547 1377 3643 lBoiss]
1411 3546 1812 3647 προβαλλὲμένωῦ
1843 3547 1877 3592 Α
1897 3605 1922 3644 3
1986 3601 2014 3644 ὐ
2046 3602 2072 3644 ὁ
2128 3602 2180 3642 F·
2212 3599 2232 3655 J

195 3660 344 3703 αὐτὸν
367 3660 401 3703 Α
433 3659 458 3701 ὁ
482 3659 587 3702 ὁὲν
645 3606 692 3700 (Ξ
708 3610 1456 3714 ἷπρέεἷῖχεέοομὲῗωᾟπὲῗίωῖν
1499 3617 1563 3701 ⁶¹5⁶
1582 3617 1792 3711 Jafflffia
1821 3660 1856 3704 Α
1924 3615 2048 3703 θὲὦ
2068 3614 2233 3702 ἷκεῶῗυ

198 3717 263 3760 ὡς
293 3716 443 3759 πολλὰ
475 3716 679 3767 διαμένω
712 3716 744 3761 V
841 3719 865 3757 6
898 3715 1041 3758 αὐτὸς
1072 3715 1121 3770 V]
1155 3716 1261 3760 θεὸς
1291 3717 1325 3760 Α
1357 3718 1382 3760 ὁ
1414 3718 1519 3760 θεὸς
1551 3718 1779 3758 Eberhard
1880 3718 1904 3756 ‘1
1934 3715 2112 3759 κέντιζε
2145 3715 2179 3759 Α

366 3773 419 3817 21
449 3773 481 3816 Α
514 3772 608 3816 v17
642 3774 714 3827 (cf.
747 3773 906 3815 Knoell
937 3773 963 3815 l.
998 3787 1033 3813 e.
1065 3787 1107 3826 p.
1131 3776 1212 3814 670
1235 3775 1315 3826 sq.)
1345 3794 1403 3803 —
1434 3777 1458 3814 2
1489 3771 1716 3826 πολεμίαν
1747 3773 1782 3818 Α
