2332 4134
44 0 81 67 ,ζ’-’ῆι

945 288 1302 341 „21—

432 433 618 497 ἑτέρου
658 433 753 486 τὸν
792 431 954 496 ὦμον,
994 431 1045 484 οἱ
1082 430 1130 484 δ’
1168 431 1401 496 ἔφευγον
1441 431 1498 483 ἐκ
1535 432 1727 495 χώρης.
2094 446 2149 486 20

431 520 644 583 γέρανοι
683 518 955 581 ςυνήντων
994 518 1079 569 καὶ
1117 518 1179 569 τὸ
1221 517 1418 581 ςυμβὰν
1455 518 1696 581 ἠρώτων.

432 606 515 657 καί
553 622 628 657 τις
668 608 895 657 κολοιῶν
932 603 1073 657 εῖπε·
1116 602 1356 668 (φεύγετ’
1395 602 1700 668 ἀνθρώπων

431 693 585 753 γένος
624 692 880 755 πονηρόν,
923 690 1054 742 ἄλλα
1093 693 1188 754 μὲν
1226 692 1362 755 πρὸς
1401 691 1658 754 ἀλλήλους

430 781 605 830 λαλεῖν
644 778 943 842 μαθόντων,
986 776 1116 829 ἄλλα
1158 778 1216 829 δέ
1259 775 1437 845 <τινα>
1480 776 1815 829 ποιούντων.’

434 863 632 931 [δεινὸν
670 863 733 915 τὸ
774 865 947 927 φῦλον
986 865 1094 914 τῶν
1132 862 1276 930 δόλῳ
1316 879 1362 914 τι
1400 861 1788 930 πραττόντων.]
2096 876 2150 915 25

430 1121 673 1184 Δήμητρι
712 1124 910 1184 ταῦρον
950 1119 1110 1184 ὄχλος
1150 1119 1379 1185 ἀγρότης
1418 1121 1565 1173 θύων

431 1206 543 1258 ἅλω
584 1209 835 1258 πλατεῖαν
874 1206 1109 1270 οἰνάροις
1147 1206 1480 1270 ὑπεςτρώκει,

432 1295 602 1356 κρεῶν
641 1293 931 1356 τραπέζας·
971 1291 1078 1356 εἶχε
1117 1293 1202 1344 καὶ
1239 1291 1430 1344 πίθους
1469 1290 1637 1344 οἴνου.

431 1379 488 1431 ἐκ
526 1381 634 1431 τῶν
673 1379 732 1430 δὲ
771 1379 979 1430 παίδων
1019 1378 1208 1430 έςθίων
1246 1395 1320 1430 τις
1360 1376 1637 1441 ἀπλήςτως

429 1465 536 1518 ὑπὸ
575 1467 684 1517 τῶν
723 1465 915 1529 βοείων
956 1464 1196 1526 ἐγκάτων
1234 1465 1489 1530 ἑφυςήθη,
2125 1475 2150 1512 5

431 1549 656 1615 κάπῆλθ’
695 1551 748 1603 ές
787 1549 969 1603 οἴκους
1006 1551 1231 1614 γαςτρός
1270 1549 1434 1612 ὄγκον
1473 1550 1715 1614 ἀλγήςας.

429 1638 603 1690 πεςὼν
642 1631 690 1690 δ’
731 1635 819 1702 ἐφ’
856 1636 1039 1701 ὑγραῖς
1077 1637 1274 1701 μητρὸς
1314 1635 1564 1698 ἀγκάλαις
1603 1633 1730 1700 ‘eim

429 1724 574 1775 κάτω
612 1714 686 1786 γ”
727 1723 923 1789 ἐφώνει
955 1717 1241 1787 ιδυςτυχὴς
1279 1721 1625 1787 ἀποθνήςκω·

430 1810 496 1862 τὰ
536 1810 804 1874 ςπλάγχνα
840 1810 959 1874 γάρ,
999 1813 1238 1870 τεκοῦςα,
1277 1809 1451 1862 πάντα
1488 1827 1589 1874 μου
1630 1808 1837 1862 uiaret?

430 1896 462 1959 ἡ
502 1894 549 1948 δ’
588 1894 728 1949 εἷπε·
762 1890 960 1960 ίθάρςει
997 1894 1316 1960 κάπόβαλλε,
1355 1897 1422 1959 μὴ
1463 1896 1680 1960 φείδου·
2099 1908 2151 1948 10

430 1980 494 2033 οὐ
533 1982 635 2046 γὰρ
676 1982 755 2044 ςά,
793 1982 998 2045 τέκνον,
1038 1980 1152 2033 ἀλλ’
1191 1982 1328 2045 ἐμεῖς
1365 1983 1431 2034 τὰ
1469 1986 1565 2034 τοῦ
1606 1979 1840 2046 ταύρου.’

503 2067 658 2136 [ὅταν
698 2067 946 2133 ὀρφανοῦ
984 2085 1059 2119 τις
1099 2067 1281 2120 οὐςίαν
1320 2067 1595 2120 ἀναλώςας

429 2154 608 2207 ἔπειτα
645 2155 840 2218 ταύτην
880 2154 1100 2206 ἐκτίνων
1139 2153 1432 2222 ἀποιμώζῃ,

431 2241 566 2305 πρὸς
604 2244 799 2294 τοῦτον
839 2239 905 2294 ἄν
942 2257 1016 2292 τις
1057 2241 1400 2305 καταχρέοιτο
1441 2246 1516 2310 τῷ
1555 2239 1744 2310 μύθῳ]

422 2499 557 2552 Δύω
598 2501 693 2562 μὲν
732 2499 879 2552 υἱοὺς
916 2499 948 2563 ἡ
988 2500 1208 2564 πίθηκος
1247 2500 1440 2562 ώδίνει,

431 2589 652 2638 τεκοῦςα
694 2586 741 2638 δ’
779 2586 960 2639 αὐτοῖς
999 2587 1135 2639 ἐςτὶν
1174 2587 1272 2639 οὐκ
1308 2585 1388 2650 ἴςη
1429 2587 1612 2650 μήτηρ,

430 2671 542 2724 ἀλλ’
580 2672 673 2726 ἕνα
711 2674 806 2737 μὲν
846 2671 1023 2725 αὐτῶν
1063 2671 1244 2736 ἀθλίης
1281 2672 1374 2725 ὑπ’
1412 2672 1618 2735 εὐνοίης

431 2758 705 2810 θάλπουςα
742 2758 958 2811 κόλποις
996 2755 1336 2824 καταφιλοῦς’
1374 2756 1669 2819 ἀποπνίγει,

429 2843 526 2896 τὸν
565 2831 614 2896 δ’
651 2843 724 2896 ὡς
761 2844 1004 2908 περιςςόν
1042 2845 1126 2896 καὶ
1164 2844 1389 2909 μάταιον
1427 2843 1675 2908 ἐκβάλλει.
2123 2857 2148 2894 5

261 3013 493 3070 [21—24J?
523 3015 754 3056 Eberhard
853 3017 908 3056 22
938 3014 1122 3058 κολοιὸς
1153 3014 1185 3059 V
1277 3017 1332 3056 24
1363 3013 1414 3056 δέ
1432 3011 1589 3071 (τινα)
1622 3012 1674 3067 G]
1709 3013 1759 3056 δὲ
1791 3012 1825 3056 Α
1849 3013 1880 3056 V
1912 3014 1952 3056 δ’
1974 3013 2089 3068 ἔργα
2123 3013 2151 3057 f

90 3073 143 3114 25
175 3087 260 3114 om.
286 3072 320 3116 V
405 3071 565 3115 δεινὸν
595 3071 754 3126 Boiss.]
787 3072 862 3115 ὅτι
892 3072 1050 3115 δεινὸν
1081 3072 1116 3116 Α

259 3143 325 3188 34
344 3142 379 3188 Α
414 3146 524 3184 1-2
546 3142 578 3188 8
601 3142 809 3199 (οἴναρα)
838 3163 897 3173 -
928 3148 950 3185 1
983 3144 1180 3199 ταύρων
1213 3144 1354 3198 ὄχλον
1374 3143 1407 3190 S
1483 3147 1508 3184 ·2
1539 3142 1747 3198 οἰνάροις
1777 3144 2067 3198 ὑπεςτρώκει
2097 3141 2149 3195 S]

90 3198 239 3244 οἰνάςι
268 3201 584 3255 κατεςτρώκει
614 3200 650 3244 Α
803 3205 897 3242 -3
929 3202 1232 3257 ὑπεςτρώκει,
1262 3205 1416 3256 κρεῶν
1447 3201 1708 3256 τραπέζας·
1742 3201 1836 3255 εἶχε
1869 3201 2067 3242 distinxit
2098 3198 2150 3254 G]

87 3265 189 3356 gost
230 3261 255 3300 2
294 3259 501 3300 lacunam
542 3260 694 3299 statuit
732 3259 1067 3311 Laehmannus,
1113 3259 1350 3313 τραπέζας
1380 3258 1422 3300 τ’
1454 3259 1547 3312 εἶχε
1589 3260 1730 3301 Boiss.
1823 3261 1847 3298 7
1893 3257 1968 3311 ἐφ’
1998 3257 2052 3312 Α]
2100 3258 2151 3300 ἑν

122 3315 396 3357 chneidewin
460 3315 551 3368 εἶμι
575 3316 661 3366 (vel
684 3313 791 3369 εἰμί)
814 3330 876 3370 pr.
895 3315 947 3370 Α]
978 3329 1103 3367 οιμοι
1126 3318 1161 3360 Α
1250 3319 1276 3357 8
1297 3316 1429 3358 κάτω
1451 3317 1495 3369 Γ’
1518 3315 1570 3371 G]
1602 3317 1679 3358 καὶ
1703 3315 1838 3358 ταῦτ’
1859 3314 1894 3359 Α
1924 3313 1970 3358 τί
1992 3316 2150 3357 ταυτ’·
2141 3347 2151 3365 ,

93 3387 238 3429 Minas
327 3390 353 3441 9
386 3388 552 3431 κύπτει
581 3387 750 3428 Seidler
841 3387 1042 3444 [12—14]
1077 3390 1128 3430 G.
1157 3390 1382 3430 Hermann

259 3459 320 3503 35
352 3460 386 3504 Α
418 3460 516 3503 830
566 3481 624 3490 -
673 3463 693 3499 1
728 3459 814 3502 δύο
847 3459 881 3503 Α
980 3464 1005 3502 3
1037 3461 1122 3502 ἕνα
1154 3460 1184 3504 G
1218 3466 1393 3502 secutus
1427 3461 1483 3513 B,
1516 3464 1591 3515 qui
1622 3461 1756 3501 habet
1786 3460 1862 3501 καὶ
1893 3459 1950 3500 τὸ
1984 3459 2067 3511 μὲν
2091 3458 2148 3504 ,ἓν

90 3516 136 3568 (i.
159 3530 196 3558 e.
216 3515 404 3566 τέκνον)
439 3514 615 3571 ἀΓαπᾷ]
650 3516 705 3559 ὃν
727 3517 762 3560 Α
860 3521 887 3557 4
908 3518 1213 3570 καταφιλους’
1237 3517 1266 3561 G
1301 3519 1412 3558 duce
1436 3518 1481 3569 B,
1514 3521 1559 3558 in
1591 3532 1675 3571 quo
1709 3519 1868 3569 legitur
1898 3517 1973 3558 καὶ
2004 3518 2149 3557 τοῦτο

88 3574 502 3625 καταφιλουςα
535 3572 881 3630 ἀποπνίγει]
915 3574 1092 3628 ἀγρίοις
1115 3576 1148 3618 Α
1182 3573 1362 3628 ἀγρίως
1390 3577 1558 3616 Seidlm
1675 3578 1789 3616 3—-4
1818 3578 2049 3614 verborum
2084 3586 2148 3611 ο·-ι

90 3629 234 3670 dinem
266 3632 524 3671 mutandum
551 3645 639 3672 non
663 3646 756 3671 esse
791 3633 848 3681 (..
870 3630 1068 3685 .ἀΓρίοις
1102 3631 1351 3683 ἀποπνίΓει
1384 3633 1623 3676 θάλπουςα
1656 3632 1846 3674 κόλποις
1878 3628 2040 3681 ἀθλίης
2072 3630 2150 3670 ὑπ’

91 3685 278 3738 εὐνοίης
309 3689 448 3728 voluit
479 3689 531 3727 Ν·
523 3689 722 3733 auckius)
756 3689 936 3729 intelle<
909 3692 1025 3739 gitui
1058 3702 1108 3729 ex
1144 3690 1197 3731 Β
1230 3691 1305 3730 ubi
1338 3691 1519 3744 lwfitur:
1558 3703 1633 3730 και
1667 3690 1691 3730 ὃ
1727 3690 1809 3740 μὲν
1842 3687 2042 3741 ςτέργει,
2076 3686 2145 3727 ἀεὶ

91 3741 172 3839 ἰν
180 3747 301 3841 τοῑςά
320 3745 509 3787 κόλποις
550 3746 867 3799 περιφέρουςα
910 3740 985 3787 καὶ
1027 3749 1203 3788 τιθεῖςα
1247 3747 1379 3788 ένθεν
1418 3748 1632 3789 κάκεῖθεν
1666 3748 1741 3787 καὶ
1772 3758 1919 3787 τουτο
1951 3756 2146 3795 καταφι

121 3802 240 3842 οὐσα
305 3801 535 3852 ποπνίΓει.
