2332 4134
882 279 1239 332 ...29—

374 426 457 478 καὶ
493 425 590 476 τὸν
629 424 837 488 βοώτην
877 422 1042 486 θυμὸς
1080 420 1244 485 εἶχεν·
1284 421 1315 486 ἦ
1356 421 1402 474 δ’
1440 422 1639 474 οὕτως·

375 508 552 577 [ἐγγὺς
590 509 898 573 προςελθὼν
936 506 1082 560 εἶπεν
1121 508 1193 560 ῶς
1232 506 1591 574 ἀκουςθῆναι]

371 589 436 647 ὦ
474 594 826 657 παγκάκιςτον
864 594 1158 658 κτημάτων,
1178 595 1244 645 τί
1283 596 1348 658 δὴ
1389 594 1620 658 κρώζεις,
2065 620 2089 644 ›

375 679 552 733 ἄλλων
590 678 663 732 ἔτ’
702 680 866 744 ὤμοις
904 680 1171 744 φερομένη
1211 679 1557 731 ςιωπώντωνε

446 765 633 834 [κακοῦ
673 766 810 830 πρὸς
849 764 1049 829 ἀνδρός
1087 766 1189 817 έςτι
1226 766 1431 830 μακρὸν
1469 765 1713 829 οἰμώζειν

375 851 553 904 ἄλλων
589 852 923 913 πονούντων,
962 850 1123 904 αὐτὸς
1162 850 1384 914 ώςπερεὶ
1421 850 1677 918 κάμνων]

197 949 257 1003 ‘O
296 953 462 1015 μῦθος
500 954 660 1003 τοῦτο
706 951 865 1013 λέγει,
916 951 972 1002 ἐν
1019 953 1130 1003 τοῖς
1179 950 1471 1015 πράγμαςιν
1522 950 1697 1003 ἄλλων
1744 952 2089 1015 πονουμένων

32 1038 223 1107 ἄλλους
269 1036 465 1091 ἀδίκως
518 1037 762 1101 οἰμώζειν
814 1038 898 1089 καὶ
955 1039 1204 1101 μηδαμῶς
1261 1037 1462 1088 πόνους
1518 1035 1830 1100 ἀλλοτρίους
1883 1037 2090 1089 ἑαυτοῖς

22 1123 356 1199 ἐπιγράφειν.

1020 1267 1102 1322 53

371 1367 459 1419 Εἰς
497 1368 658 1419 λύκον
697 1366 912 1430 ἀλώπηξ
952 1368 1242 1430 ἑμπεςοῦςα
1282 1368 1474 1430 δειλαίη

368 1455 594 1516 Ζωγρεῖν
633 1454 802 1506 ἐδεῖτο
841 1454 974 1517 μηδὲ
1010 1456 1178 1517 γραῦν
1216 1453 1559 1506 ἀποκτείνειν.

367 1539 398 1592 ὁ
439 1538 486 1591 δ’
519 1532 613 1604 εἢν
652 1539 847 1602 λόγους
886 1556 971 1603 μοι
1010 1543 1148 1603 τρεῖς
1187 1539 1468 1602 ἀληθινοὺς
1506 1538 1670 1606 εἴπῃς,

370 1627 475 1688 ἐγώ
515 1643 567 1678 ςε
604 1626 668 1690 νὴ
709 1626 805 1678 τὸν
845 1620 1019 1678 Πᾶνα’
1058 1626 1182 1691 φηςί
1219 1618 1529 1690 “Ζωγρήςω.’

366 1711 398 1774 ἡ
438 1710 485 1764 δ’
523 1710 647 1764 ‘e't'Oe
684 1713 778 1776 μέν
817 1729 903 1776 μοι
941 1714 1129 1775 πρῶτα
1165 1712 1230 1775 μὴ
1271 1711 1620 1775 ςυνηντήκεις·
2062 1725 2086 1761 5

366 1798 547 1850 ἔπειτα
585 1798 631 1850 δ’
670 1797 777 1851 εἴθε
816 1799 1018 1863 τυφλὸς
1057 1799 1132 1850 ὢν
1169 1797 1502 1862 ὑπηντήκεις·

363 1884 542 1948 τρίτον
580 1884 627 1937 δ’
666 1884 748 1936 ἐπ’
786 1885 980 1936 αὐτοὺς
1018 1883 1126 1937 εἴθε
1164 1885 1229 1948 μὴ
1270 1884 1328 1936 ςύ
1367 1883 1415 1945 γ’
1453 1884 1526 1936 εἰς
1564 1884 1707 1947 ὥρας

366 1970 503 2023 ἵκοιο
542 1972 671 2036 μηδέ
711 1988 797 2035 μοι
836 1971 992 2023 πάλιν
1031 1969 1380 2038 ςυναντήςῃς.’

192 2071 310 2123 Ὅτι
359 2071 609 2124 πολλάκις
655 2070 708 2123 αἱ
756 2071 1074 2135 περιςτάςεις
1125 2072 1387 2137 πεφύκαςι
1437 2072 1520 2124 καὶ
1571 2071 1715 2135 παρὰ
1762 2071 1974 2135 γνώμην
2022 2072 2086 2123 τὰ

25 2160 162 2222 ςιγῆς
201 2156 319 2210 ἄξια
357 2158 428 2210 εἰς
466 2158 774 2223 τούμφανὲς
814 2156 970 2219 ἄγειν.

1013 2329 1098 2385 54

368 2432 641 2494 Εὐνοῦχος
680 2429 806 2493 ἦλθε
846 2431 981 2494 πρὸς
1021 2430 1182 2492 θύτην
1221 2430 1354 2494 ὑπὲρ
1394 2430 1600 2482 παίδων

369 2516 709 2581 ςκεψόμενος.
751 2516 780 2568 ὁ
824 2517 980 2579 Θύτης
1020 2515 1066 2569 δ’
1106 2515 1271 2578 ἁγνὸν
1308 2514 1450 2580 ἧπαρ
1491 2515 1735 2568 ἁπλώςας

361 2597 512 2655 “ὅταν
550 2597 660 2667 μέν’
700 2601 850 2655 εἶπεν
884 2596 987 2654 ὀἶν
1023 2601 1150 2664 ἴδω,
1190 2603 1360 2666 πατὴρ
1399 2602 1532 2670 γίνῃ,

367 2688 501 2741 ὅταν
539 2691 600 2741 δὲ
637 2690 731 2753 τὴν
772 2691 866 2753 ςὴν
908 2688 1050 2753 ὄψιν,
1090 2688 1206 2741 οὐδ’
1244 2688 1376 2753 ἀνὴρ
1415 2684 1611 2756 φαίνῃ.’

194 2788 343 2853 Πρὸς
391 2790 516 2841 τοὺς
563 2789 658 2841 τὰς
706 2788 868 2853 εὐχὰς
915 2789 1049 2853 ὑπὲρ
1100 2791 1207 2840 τῶν
1258 2794 1322 2842 οὐ
1372 2790 1609 2841 δεόντων
1654 2790 2003 2853 ποιουμένους
2049 2792 2080 2853 ἢ

25 2876 194 2927 καλῶς
232 2876 298 2938 μὴ
339 2875 648 2938 δυναμένων
685 2876 937 2937 γενέςθαι.

193 3077 219 3116 3
251 3075 395 3129 εἶχεν·
427 3075 457 3129 ἦ
491 3075 532 3116 δ’
565 3073 615 3128 G]
650 3075 767 3128 εἶχε,
798 3079 858 3131 τῇ
893 3074 932 3117 δ’
963 3075 999 3119 Α
1089 3073 1173 3118 εἷλ’
1204 3075 1335 3130 (duee
1365 3077 1664 3125 Lachmanuo,
1697 3078 1772 3130 qui
1804 3074 1896 3120 εἷλε
1928 3091 2082 3131 propo·

28 3135 206 3185 suerat),
228 3131 322 3186 ἔφη
346 3132 386 3174 δ’
406 3134 589 3177 οὕτως·“
620 3131 676 3187 [4]
698 3133 992 3184 Eberhardus,
1025 3134 1104 3174 sed
1134 3136 1181 3174 in
1211 3133 1496 3175 adnotatione
1517 3138 1687 3174 tantum
1709 3136 1861 3175 critica
1949 3138 1977 3176 4
1998 3149 2080 3175 om.

24 3187 152 3238 BFG
249 3193 275 3231 6
306 3188 372 3232 ἔτ’
402 3189 454 3260 G]
487 3189 559 3232 ἐπ’
588 3189 623 3233 Α
652 3189 738 3232 Ηέπ
768 3205 943 3244 prorsus
973 3192 1130 3231 mirum
1162 3189 1240 3232 est’
1270 3191 1499 3232 Eberhard
1602 3190 1643 3246 [7
1658 3190 1763 3245 —8]
1798 3191 1825 3234 L
1928 3194 1954 3232 8
1985 3205 2084 3233 ποι-

27 3244 216 3289 οὐντων
247 3245 283 3291 Α
399 3247 547 3290 αυτὸς
580 3247 779 3302 ὡςπερεὶ
811 3247 1005 3300 κάμνων
1038 3248 1089 3291 G
1115 3247 1354 3302 Hermann]
1398 3247 1596 3303 ώςείπερ
1639 3249 1783 3291 αὐτὸς
1822 3249 2017 3300 κάμνων
2048 3248 2083 3292 Α

28 3301 182 3358 ὥςπερ
215 3303 362 3347 αὐτὸς
394 3303 434 3348 εἰ
465 3305 634 3357 κάμνοι
666 3306 876 3346 Duebner
954 3307 1083 3358 epim.
1114 3305 1415 3357 ποιουμένων
1446 3305 1481 3349 Α
1562 3307 1802 3359 μηδαμῶς,
1834 3307 1950 3359 quod
1983 3309 2026 3346 in
2047 3306 2083 3350 A

26 3365 125 3414 post
153 3360 279 3414 λέγει
308 3364 542 3411 invenitur,
580 3367 681 3403 ante
711 3362 891 3405 πόνους
922 3363 1172 3404 conlocavit
1204 3362 1254 3417 G]
1288 3362 1377 3404 ‘aut
1409 3364 1579 3406 ἄλλους
1610 3364 1844 3404 delendum
1876 3369 1952 3404 aut
1982 3364 2080 3406 δεῖν

29 3417 145 3470 (post
173 3415 409 3471 οἰμώζειν)
441 3420 746 3473 supplendum'
775 3420 1003 3461 liber-hand

193 3490 254 3533 53
286 3490 321 3534 A
353 3492 449 3534 331
474 3509 527 3527 ε
554 3491 677 3535 6232
712 3492 832 3535 Ρ301
859 3509 912 3528 ==
937 3491 965 3536 0
988 3507 1030 3545 p.
1047 3494 1130 3532 379
1162 3511 1219 3520 —
1250 3496 1275 3533 3
1308 3506 1366 3534 αν
1399 3492 1434 3565 A
1521 3496 1548 3533 4
1579 3493 1636 3544 νὴ
1668 3492 1755 3534 τὸν
1787 3493 1940 3536 Πᾶνα’
1968 3492 2080 3546 φηςί

26 3544 110 3586 Fix
150 3545 194 3600 1.]
238 3549 352 3600 φηςὶ
393 3549 452 3601 νὴ
495 3549 581 3591 τὸν
621 3548 748 3591 πάνα
789 3549 823 3592 Α
970 3551 994 3589 6
1027 3549 1066 3590 δ’
1098 3564 1181 3591 οιιι.
1214 3549 1248 3593 Α
1406 3564 1417 3590 ι
1465 3548 1562 3592 είθε
1601 3548 1872 3604 Lachmann]
1915 3549 2014 3593 εἶπε
2046 3550 2081 3594 Α

27 3602 55 3642 8
76 3603 193 3656 μηδέ
214 3603 266 3657 Α]
294 3606 354 3658 μή
379 3605 436 3658 δή
458 3607 688 3647 Eberhard
778 3605 1072 3660 ςυναντήςῃς
1104 3607 1136 3649 Β
1157 3605 1202 3661 Ρ]
1237 3606 1530 3660 ςυναντήςης
1551 3607 1585 3649 Α
1617 3607 1924 3659 ςυναντήςαις
1946 3609 2028 3648 Fix
2051 3609 2078 3651 Ι.

192 3674 257 3719 54
287 3675 322 3720 Α
364 3695 423 3705 -
466 3680 491 3717 2
533 3677 680 3729 ἁγνὸν
722 3677 884 3732 (ἀρνὸς
925 3679 1110 3730 Ahrens)
1152 3676 1278 3732 ἧπαρ
1322 3679 1544 3721 ἁπλώςας
1586 3677 1854 3732 Lachmann]
1887 3678 2078 3730 ἀγνοεῖν

24 3741 88 3772 πα
92 3732 342 3785 ραπλώςας
374 3734 408 3778 Α
524 3738 548 3775 3
582 3734 711 3777 εἶπεν
742 3734 827 3776 ὀἶν
861 3733 911 3789 G]
946 3734 1044 3777 εἶπε
1077 3734 1180 3776 αὔτ’
1212 3734 1247 3779 Α
1277 3735 1376 3778 εἶπε
1408 3738 1539 3778 τοῦτ’
1573 3735 1600 3779 Ι.
1697 3738 1825 3790 epim.
1859 3737 1886 3788 ἢ
1922 3736 2077 3790 Boiss]

27 3785 68 3830 εἰ
92 3743 132 3832 A
217 3791 374 3834 καλῶς
407 3790 457 3845 G]
490 3792 566 3833 καὶ
599 3791 753 3835 ἄλλως
785 3791 820 3835 Α
850 3792 925 3833 καὶ
958 3792 1082 3834 ὅλως
1113 3793 1341 3834 Eberhard
