2332 4134
836 1556 1298 1620 ΠΡΟΟΙΜΙΟΝ.

390 1729 540 1792 Γενεὴ
580 1727 795 1801 δικαίων
832 1726 897 1792 ἦν
935 1727 998 1779 τὸ
1037 1728 1253 1791 πρῶτον
1291 1724 1610 1791 ἀνθρώπων,

388 1813 431 1867 ὦ
472 1815 676 1880 Βράγχε
714 1815 916 1876 τέκνον,
955 1815 1019 1878 ἣν
1058 1815 1268 1866 καλοῦςι
1299 1812 1552 1878 χρυςείην.

392 1914 422 1945 -Jt-
499 1914 530 1945 ὗε·
607 1914 637 1945 ·x-
715 1915 746 1945 3&
823 1914 853 1945 ÷÷
931 1913 961 1945 -Jt-
1039 1914 1068 1944 ’κ-
1146 1913 1176 1943 ÷÷
1254 1913 1284 1943 4(-
1362 1913 1392 1943 θ(-
1467 1913 1498 1942 -Jt-
1575 1913 1605 1944 96

603 1986 917 2006 >>>>>

883 2004 960 2040 ων
999 1985 1192 2050 ἐγένεθ’
1234 1985 1265 2050 ἥ
1309 1982 1430 2054 <γε>
1474 1986 1698 2050 χαλκείη,

386 2073 499 2139 μεθ’
535 2076 600 2139 ἣν
635 2075 872 2137 γενέςθαι
910 2074 1034 2139 φαςὶ
1074 2076 1192 2126 δῖαν
1230 2072 1440 2137 ἡρώων.

388 2162 592 2226 πέμπτη
633 2164 840 2225 ςιδηρῆ·
880 2160 998 2226 ῥίζα
1036 2161 1119 2213 καὶ
1156 2160 1309 2222 γένος
1348 2163 1541 2224 χεῖρον.
1827 2225 1843 2231 ῃ
2064 2171 2090 2211 5

389 2247 473 2300 ἐπὶ
510 2250 602 2312 τῆς
640 2249 700 2300 δὲ
739 2250 929 2312 χρυςῆς
968 2248 1052 2299 καὶ
1090 2246 1156 2298 τὰ
1194 2246 1351 2298 λοιπὰ
1391 2249 1498 2298 τῶν
1537 2247 1695 2314 ζῴων

388 2335 578 2400 φωνὴν
616 2334 879 2399 ἔναρθρον
917 2332 1024 2398 εἶχε
1062 2334 1146 2386 καὶ
1182 2333 1375 2395 λόγους
1412 2333 1550 2401 ᾔδει·

387 2419 577 2485 ἀγοραὶ
617 2421 676 2473 δὲ
714 2420 921 2472 τούτων
958 2418 1088 2484 ἧςαν
1127 2419 1183 2472 ἐν
1221 2420 1392 2485 μὲςαις
1431 2419 1589 2472 ὕλαις.

389 2506 557 2560 ἐλάλει
596 2509 655 2560 δὲ
693 2508 856 2571 πέτρη
897 2507 980 2559 καὶ
1018 2506 1084 2558 τὰ
1123 2507 1297 2572 φύλλα
1333 2510 1426 2571 τῆς
1465 2506 1675 2570 πεύκης,

387 2593 556 2646 ἐλάλει
594 2594 653 2646 δέ
691 2596 842 2658 κῦμα,
882 2592 1102 2658 Βράγχε,
1141 2593 1224 2656 νηὶ
1262 2593 1346 2645 καὶ
1382 2593 1564 2662 ναύτῃ,
2041 2605 2093 2644 10

387 2681 634 2745 ςτρουθοὶ
670 2669 954 2734 δἐςυνετὰ
991 2680 1127 2744 πρὸς
1163 2680 1406 2744 γεωργὸν
1445 2679 1695 2745 ὡμίλουν.

386 2764 565 2831 ἐφύετ’
602 2765 659 2819 ἐκ
694 2769 788 2830 γῆς
825 2765 999 2818 πάντα
1036 2767 1198 2830 μηδὲν
1237 2764 1492 2830 αἰτούςης,

386 2854 592 2915 θνητῶν
629 2850 673 2904 δ’
715 2852 916 2918 ὑπῆρχε
955 2853 1038 2905 καὶ
1076 2855 1215 2905 θεῶν
1254 2852 1496 2917 ἑταιρείη.

383 2937 569 3003 μάθοις
607 2937 654 2991 δ’
692 2938 757 2991 ἂν
794 2938 938 2991 οὕτω
978 2937 1121 2991 ταῦτ’
1163 2938 1355 3003 ἔχοντα
1394 2939 1478 2991 καὶ
1514 2939 1692 3003 γνοίης

387 3024 443 3078 ἐκ
479 3029 574 3078 τοῦ
614 3029 878 3092 ςοφιςτοῦ,
917 3029 1011 3079 τοῦ
1049 3027 1302 3091 γέροντος
1340 3025 1598 3088 Αἰςώπου,
2037 3036 2089 3075 15

385 3111 583 3176 μύθους
621 3112 922 3178 φράςαντος
960 3116 1085 3182 τῇδε
1125 3113 1343 3181 δευτέρῃ
1380 3113 1560 3182 μούςῃ.

385 3196 461 3251 ὧν
496 3200 594 3251 νῦν
632 3197 848 3251 ἕκαςτον
887 3197 1111 3252 ἀντιθεὶς
1150 3199 1244 3268 ἐμῇ
1283 3200 1452 3268 μνήμῃ
1532 3209 1537 3212 ’

218 3382 472 3439 Βαλεβρίου
506 3383 754 3438 μυθίαμβοι
787 3383 1034 3429 Αἰςώπειοι
1065 3385 1185 3429 κατὰ
1216 3389 1460 3439 ςτοιχεῖον.
1524 3384 1668 3440 ςτίχοι
1699 3384 2009 3438 χωλίαμβικοί
2041 3385 2088 3430 Α.

216 3440 489 3497 Προοίμιον.
523 3449 632 3497 post.
665 3457 705 3484 v.
739 3447 762 3484 2
794 3445 997 3484 lacunam
1028 3447 1156 3485 unius
1188 3458 1228 3486 v·
1261 3446 1412 3485 sssatuit
1436 3445 1578 3486 Boiss.
1603 3442 1745 3498 [3-5]
1771 3443 1800 3488 Ι.
1890 3445 1916 3483 3
1940 3442 2091 3495 αὐτῆς

46 3514 131 3542 rec.
165 3499 199 3543 Α
266 3498 443 3551 ἐγένεθ’
474 3501 504 3554 ἥ
539 3498 639 3556 (γε)
667 3499 718 3555 G]
752 3499 952 3554 ἐγενήθη
978 3501 1011 3545 Α
1070 3505 1096 3543 4
1128 3502 1235 3543 δῖαν
1258 3500 1506 3555 Eberhard]
1542 3499 1674 3544 θείαν
1695 3499 1731 3545 Α
1789 3501 1815 3541 5
1849 3501 2034 3553 μεμπτὴ
2059 3501 2092 3544 Α

44 3557 262 3610 πέμπτης
301 3557 635 3607 Laehmannus,
677 3559 752 3611 qui
791 3564 890 3612 post
929 3558 1091 3614 ςιδηρῆ
1135 3573 1224 3600 non
1265 3559 1566 3613 distinguebat
1655 3557 1820 3611 ςιδηρᾶ
1858 3556 1894 3602 Α
1982 3560 2007 3598 6
2048 3558 2098 3601 δὲ

32 3617 216 3714 ιΞιρυςῆς
256 3613 485 3670 Duebner]
531 3615 750 3668 δὲ...ςῆς
784 3617 817 3659 Α
908 3618 932 3657 9
964 3616 1115 3670 πέτρα
1146 3615 1181 3660 Α
1271 3616 1324 3656 10
1368 3615 1418 3658 δὲ
1459 3619 1582 3667 κῦμα
1626 3613 1676 3668 G]
1720 3614 1873 3658 ἐλάλει
1914 3614 1952 3655 δ’
1964 3645 2089 3656 .....

66 3670 180 3724 χθὺς
211 3673 347 3714 erasis
378 3674 568 3726 quinque
598 3673 752 3714 litteris
784 3673 818 3716 Α
852 3671 902 3714 δὲ
934 3674 1128 3716 πόντιος
1161 3671 1288 3726 ἰχθὺς
1323 3677 1365 3714 et
1388 3672 1438 3715 δέ
1461 3674 1501 3715 τ’
1524 3671 1653 3726 ἰχθὺς
1676 3673 1909 3726 adscripsit
1932 3673 2096 3724 Minas3

36 3726 221 3779 1,ἐλάλει
238 3729 288 3771 δὲ
319 3727 508 3772 πόντος.
531 3729 593 3773 L*
684 3731 735 3771 15
771 3733 1009 3783 ςοφιςτοῡ,
1041 3733 1127 3773 τοῦ
1150 3731 1378 3784 γέροντος
1401 3729 1451 3784 G]
1477 3732 1626 3783 ςοφοῡ
1652 3729 1788 3781 ἡμῶν
1810 3729 2036 3783 γέροντος
2058 3729 2092 3772 Α

51 3788 198 3837 ςοφοῡ
230 3785 456 3839 γέροντος
487 3786 598 3839 ἡμὶν
630 3787 801 3828 Seidler
891 3790 943 3827 16
973 3788 1089 3842 τῇδε
1122 3786 1321 3842 δευτέρῃ
1348 3787 1493 3842 μούςῃ
1518 3786 1566 3842 G]
1590 3788 1675 3840 τῆς
1698 3785 1947 3841 ἐλευθέρας
1981 3786 2090 3838 μού-

50 3852 131 3894 ςης
162 3842 197 3886 Α
275 3844 327 3883 17
359 3841 563 3888 ἀντιθεὶς
586 3843 636 3897 ὓ]
671 3844 729 3887 ἂν
760 3842 889 3898 θείης
913 3844 948 3889 Α
978 3844 1035 3888 ἂν
1061 3844 1198 3900 θέλῃς
1221 3845 1477 3886 Lachmann
1550 3844 1636 3898 ἐμῇ
1660 3843 1713 3898 Α]
1737 3843 1806 3886 ἑνὶ
1829 3844 2084 3886 Lachmann

1762 3929 1828 3970 1*
