2332 4134
1085 298 1443 350 „30-

1222 484 1303 542 55

579 588 711 639 Ἕνα
746 589 877 650 βοῦν
915 602 989 636 τις
1024 583 1151 648 εἶχε,
1190 585 1286 647 τὴν
1325 581 1454 635 ὄνον
1493 583 1552 634 δέ
1587 581 1838 635 ,ςυζεύξαε

577 671 821 736 ἠροτρία,
861 673 1086 734 πτωχῶς
1123 670 1232 734 μέν,
1272 667 1386 721 ἀλλ’
1425 667 1738 730 ἀναγκαίως.

578 758 688 809 ἐπεὶ
726 758 786 809 δὲ
824 755 1053 820 τοῦργον
1091 755 1388 808 ,ἐτετέλεστο
1428 755 1511 806 καὶ
1550 754 1691 807 λύειν

576 843 785 906 ἔμελλεν
824 840 1017 893 αὐτοὺς
1055 840 1087 903 ἥ
1128 840 1171 891 τ’
1209 839 1335 892 ὄνος
1375 839 1607 902 διηρώτα

574 928 668 980 τὸν
707 929 835 991 βοῦν
871 920 965 979 ετίς
1005 924 1111 979 ἄξει
1148 929 1223 994 τῷ
1261 926 1468 988 γέροντι
1506 924 1572 975 τὰ
1607 921 1814 987 (nefins

577 1012 670 1065 ὅδε
707 1012 843 1075 πρὸς
881 1010 1045 1074 αὐτὴν
1084 1008 1256 1062 εἶπεν·
1300 1003 1481 1074 (ὅςπερ
1522 1008 1726 1063 εἰώθει.’

1221 1180 1302 1236 56

577 1281 853 1344 Εὐτεκνίης
890 1281 1093 1333 ἔπαθλα
1131 1283 1251 1332 πᾶςι
1289 1283 1400 1332 τοῖς
1438 1280 1596 1346 Ζῴοις

577 1368 606 1419 ὁ
646 1366 781 1419 Ζεὺς
820 1366 997 1429 ἔθηκε,
1028 1365 1209 1418 πάντα
1247 1365 1293 1418 δ’
1332 1365 1548 1429 ἔβλεπεν
1586 1365 1799 1428 κρίνων.

574 1452 730 1515 ἦλθεν
768 1453 827 1504 δὲ
865 1452 948 1504 καὶ
986 1450 1232 1513 πίθηκος,
1271 1451 1343 1502 ὡς
1379 1452 1548 1511 καλεῖ,
1582 1451 1770 1514 μήτηρ,

572 1538 778 1589 πίθωνα
815 1537 1015 1600 γυμνὸν
1053 1536 1199 1599 ςιμόν
1238 1536 1431 1599 ἠρμένη
1470 1534 1700 1587 κόλποις.

570 1624 735 1683 γέλως
775 1621 820 1674 δ’
860 1620 942 1673 ἐπ’
979 1623 1124 1688 αὐτῷ
1162 1623 1273 1672 τοῖς
1313 1623 1453 1673 θεοῖς
1493 1621 1720 1684 ἐκινήθη.

571 1707 602 1770 ἡ
643 1706 688 1759 δ’
726 1705 872 1760 εἶπεν
906 1706 1077 1759 οὕτω·
1114 1700 1266 1758 ίΖεὺς
1305 1707 1399 1769 μὲν
1439 1703 1553 1758 οἶδε
1591 1707 1685 1769 τὴν
1719 1706 1886 1768 νίκην,

574 1794 687 1855 ἐμοὶ
726 1794 785 1844 δὲ
820 1791 1039 1844 πάντων
1078 1791 1237 1844 οὗτός
1279 1792 1379 1842 ἐςτι
1419 1789 1676 1844 καλλίωνῖ

646 1878 699 1946 [ό
737 1878 898 1940 ’λόγος
936 1880 1081 1930 δοκεῖ
1109 1894 1204 1942 ,μοι
1242 1880 1362 1929 πᾶςι
1400 1881 1559 1930 τοῦτο
1599 1877 1888 1941 ςημαίνειν·

570 1965 733 2026 γονὴν
772 1963 964 2015 ἑαυτοῦ
1003 1966 1104 2015 πᾶς
1142 1980 1216 2015 ,τις
1249 1962 1488 2026 εὐπρεπῆ
1529 1962 1724 2030 κρίνει.]

1214 2134 1294 2191 57

572 2233 762 2298 Ἑρμῆς
801 2233 1002 2297 ἅμαξαν
1040 2234 1358 2297 ψευςμάτων
1397 2251 1450 2285 τε
1490 2235 1766 2297 πληρώςας

571 2318 774 2381 ἀπάτης
812 2336 867 2370 τε
905 2322 1101 2382 πολλῆς
1139 2320 1222 2370 καὶ
1261 2319 1584 2383 πανουργίης
1621 2319 1787 2382 πάςης

568 2405 760 2467 ἤλαυνε
800 2405 885 2456 διὰ
922 2408 1039 2468 γῆς,
1081 2403 1208 2456 ἄλλο
1248 2407 1421 2469 φῦλον
1461 2405 1514 2458 ἐξ
1555 2404 1716 2456 ἄλλου

571 2491 756 2552 ςχέδην
795 2489 1024 2554 ἀμείβων
1061 2491 1146 2542 καὶ
1179 2491 1342 2553 μέρος
1380 2508 1425 2542 τι
1464 2493 1571 2542 τῶν
1610 2490 1766 2542 ὥνων
1957 2552 1962 2557 ,

568 2576 741 2638 νέμων
781 2576 977 2643 ἑκάςτῳ
1008 2576 1214 2639 μικρόν.
1250 2576 1329 2628 ὡς
1368 2578 1428 2628 δὲ
1467 2580 1540 2644 τῷ
1579 2577 1737 2644 χώρῳ
2250 2590 2275 2628 ὅ

571 2666 647 2726 τῷ
686 2663 795 2711 τῶν
833 2659 1073 2724 Ἀράβων
1110 2661 1304 2724 ἐπῆλθε
1343 2662 1426 2714 καὶ
1465 2663 1667 2729 διεξῄει,

566 2747 801 2807 λέγουςιν
840 2745 1003 2797 αὐτοῦ
1043 2749 1392 2810 ςυντριβεῑεαν
1433 2747 1679 2811 ἐξαίφνης

567 2832 899 2894 ἐπιςταθῆναι
937 2832 1031 2894 τὴν
1071 2830 1287 2894 ἅμαξαν.
1346 2832 1397 2884 οἱ
1436 2832 1483 2885 δ’
1522 2832 1695 2896 ὥςπερ

566 2917 851 2980 πολύτιμον
890 2916 1217 2980 ἁρπάζοντες
1257 2918 1493 2982 ἐμπόρου
1533 2918 1740 2983 φόρτον

570 3002 829 3054 ἐκένωςαν
869 3002 1032 3066 αὐτὴν
1071 3002 1185 3054 οὐδ’
1225 3002 1438 3067 ἀφῆκαν
1476 3003 1547 3055 εἰς
1587 3003 1778 3056 ἄλλους
2221 3018 2274 3057 10

566 3087 639 3139 ἐτι
678 3091 953 3151 προελθεῖν
992 3087 1344 3152 κάμελοῦντας
1384 3089 1720 3153 ἀνθρώπους.

395 3299 455 3343 55
476 3298 511 3343 Α
526 3298 656 3342 ὲν173
679 3300 856 3350 (Knoell
876 3315 919 3354 p.
940 3302 1040 3351 678)
1061 3318 1114 3338 =
1133 3301 1257 3345 *³371
1280 3319 1337 3338 =
1359 3302 1484 3348 0415
1511 3322 1571 3332 -
1601 3307 1626 3345 3
1648 3304 1894 3348 τετέλεςτῦ
1914 3304 1950 3348 Α
2027 3306 2064 3346 -4
2093 3305 2123 3358 ἥ
2152 3301 2194 3347 τ’
2210 3303 2268 3359 fi]

224 3354 253 3452 τὲ.
280 3353 708 3461 ἔΟΞῑΕτ’ῈΙί,λοοὴω3ηη
797 3358 822 3397 5
851 3356 1042 3412 γέροντι
1071 3357 1124 3412 Α]
1155 3359 1352 3411 γηπόνω
1380 3361 1411 3404 V
1501 3363 1526 3402 6
1558 3361 1638 3404 ὅδε
1671 3360 1723 3416 G]
1757 3362 1782 3404 ὁ
1816 3360 1924 3405 bhv
1954 3359 1981 3403 ὁ
2013 3360 2064 3404 δὲ
2096 3363 2206 3414 βοῦς
2233 3361 2268 3405 Α

394 3483 455 3527 56
479 3484 514 3528 Α
541 3504 600 3516 -—
621 3489 651 3525 Ἰ
674 3485 816 3529 ζώοις
837 3486 870 3529 Α
948 3489 973 3526 3
994 3487 1139 3536 καλεῖ,
1163 3485 1214 3542 G]
1246 3489 1364 3541 καλὴ
1388 3489 1422 3533 Α
1453 3491 1598 3532 καλοῦ
1624 3491 1764 3532 Boiss.
1855 3489 1998 3546 [8-9]
2023 3489 2052 3534 Ι.
2137 3493 2163 3532 9
2186 3502 2266 3542 γο-

223 3538 313 3590 νὴν
342 3539 518 3583 ἑαυτοῦ
553 3540 602 3597 Β]
634 3542 720 3584 τὸν
752 3542 888 3584 αὐτοὶ
922 3543 1069 3585 αὑτοῦ
1103 3543 1136 3586 Α
1168 3543 1310 3587 αὐτὸς
1341 3545 1427 3588 τὸν
1460 3547 1608 3588 αὑτοῦ
1641 3548 1874 3590 Eberhard

391 3611 457 3654 57
487 3611 521 3655 Α
553 3612 652 3656 840
677 3613 807 3656 17349
827 3629 884 3648 =
904 3612 1029 3658 (2403
1059 3633 1118 3643 —
1149 3617 1173 3654 2
1203 3615 1494 3670 πανουργίας
1526 3617 1559 3661 Α
1653 3621 1680 3659 4
1713 3618 1882 3672 ςχέδην
1913 3616 1983 3673 1.*]
2016 3616 2200 3670 ςχεδίην
2230 3617 2265 3661 Α

226 3666 370 3708 ῶνων
408 3668 650 3724 Eberhard]
692 3682 823 3712 ανων
851 3669 887 3714 Α
1031 3673 1056 3711 6
1095 3674 1166 3726 τῷ
1207 3674 1305 3714 τῶν
1336 3671 1388 3726 Α]
1430 3676 1529 3716 τῶν
1559 3674 1860 3716 τότ’ὃοὶᾶΙει·
1895 3677 1997 3717 τῶν
2025 3671 2260 3729 Ἀραβίων

222 3722 432 3764 Duebner
459 3726 662 3766 Meineke
780 3729 829 3767 11
861 3728 1134 3780 προςελθεῖν
1166 3727 1200 3771 Α
1294 3728 1619 3781 κάμελοῦντας
1649 3730 1702 3786 G]
1733 3729 1898 3786 καίπερ
1930 3730 2074 3774 ὄντας
2097 3730 2138 3775 {A
2166 3733 2260 3784 γῆν

221 3780 508 3832 πολοῦντας,
541 3783 643 3823 olim
676 3785 981 3834 γειτνιῶντας
1011 3785 1093 3824 Fix
