2332 4134
2251 0 2303 306 1

604 416 758 468 λύκος
796 417 855 468 δὲ
892 415 1084 477 ταύτην
1121 414 1333 476 πληςίον
1371 414 1636 478 θεωρήςας

606 501 755 562 ἐγγὺς
791 501 1094 564 προςελθὼν
1131 499 1192 551 τό
1232 499 1385 562 κρέας
1422 501 1597 563 λαβεῖν
1632 499 1757 567 ᾔτει.

606 586 637 649 ἡ
677 585 722 638 δ’
758 584 923 638 εἶπεν·
961 578 1071 647 (ἧκε
1108 589 1232 652 τῇδε
1269 585 1352 636 καὶ
1390 585 1548 647 δέχου
1585 585 1807 649 χαίρων·
2267 601 2294 642 5

605 671 758 735 φίλος
795 669 894 734 γάρ
933 669 1030 734 εἰμι
1067 672 1173 721 τῶν
1213 668 1344 731 ἄγαν
1383 667 1714 731 ἀναγκαίωνῖ

607 756 636 808 ὁ
678 756 723 808 δ’
761 755 973 819 ἀθρόως
1012 756 1257 819 ἐπῆλθεν·
1297 754 1368 806 ὡς
1407 756 1466 807 δὲ
1504 756 1809 820 προςκύψας

605 842 765 905 αὐτὴν
803 841 1055 893 ςκυτάλιδ’
1093 840 1247 893 ἔςειςε
1284 842 1368 893 καὶ
1405 841 1736 904 χαλαςθείςης

605 926 803 990 ῥάβδου
842 927 1058 990 μέτωπα
1096 926 1186 978 ςύν
1222 943 1277 978 τε
1315 926 1459 991 ῥῖνας
1499 927 1709 990 ἐπλήγη,

595 1007 725 1063 “ἀλλ’
764 1011 807 1063 εἰ
845 1015 1006 1064 διδοῖς
1044 1007 1279 1076 φίλοιςιν’
1318 1011 1430 1064 εἶπε
1467 1008 1700 1063 (τοιαῦτα
2242 1027 2296 1067 10

602 1098 665 1149 τὰ
704 1101 866 1161 δῶρα,
904 1100 1016 1149 πῶς
1055 1097 1130 1149 ςοί
1168 1114 1242 1148 τις
1280 1099 1433 1162 φίλος
1473 1098 1790 1161 ςυναντήςει;

1228 1269 1334 1325 131

596 1368 726 1422 Νέος
764 1370 821 1421 ἐν
858 1371 1082 1434 κύβοιςιν
1120 1369 1295 1432 οὐςίην
1335 1368 1605 1421 ἀναλώςας

599 1457 782 1519 ςτολὴν
821 1456 992 1524 ἑαυτῷ
1033 1457 1301 1508 κατέλιπεν
1339 1456 1455 1518 μίην
1490 1452 1770 1523 <μούνην>,

599 1545 849 1605 χειμῶνος
888 1542 1042 1594 ὄντος
1080 1543 1146 1605 μὴ
1185 1541 1345 1593 πάθοι
1382 1558 1428 1591 τι
1466 1540 1698 1605 ῥιγώςας.

602 1626 712 1679 ἀλλ’
751 1628 914 1680 αὐτὸν
950 1628 1116 1691 ἠθμὸς
1155 1627 1358 1679 ἐξέδυςε
1397 1627 1479 1678 καὶ
1515 1626 1725 1689 ταύτης·

598 1713 701 1775 πρὸ
740 1713 838 1776 γὰρ
879 1711 1053 1776 εἴαρος
1091 1715 1308 1764 λιποῡςα
1338 1709 1493 1780 <τὰς>
1534 1711 1677 1763 κάτω
1719 1710 1892 1776 Θήβας
2270 1721 2295 1760 5

601 1797 771 1862 ἐφάνη
810 1800 1027 1862 χελιδὼν
1067 1798 1348 1849 ἐκπεςοῦςα
1384 1801 1475 1861 τῆς
1513 1798 1675 1862 ὥρης·

598 1883 786 1946 ταύτης
825 1882 1047 1935 ἀκούςας
1084 1883 1237 1946 μικρὰ
1274 1883 1653 1947 τιττυβιῑούςης

596 1960 664 2019 ετί
702 1985 787 2032 μοι
823 1958 1088 2032 περιςςῶν’
1127 1967 1271 2020 εἶπεν
1307 1960 1521 2020 εἐςθέων
1559 1970 1730 2032 χρείη;

602 2053 718 2105 ἰδοὺ
756 2056 973 2117 χελιδὼν
1010 2054 1102 2117 ἥδε
1142 2057 1311 2118 καῦμα
1350 2054 1608 2118 ςημαίνει.’

598 2139 670 2190 ῶς
708 2138 754 2191 δ’
791 2138 950 2201 εἶπεν,
990 2140 1157 2192 ἐλθὼν
1193 2143 1302 2191 τοῖς
1341 2140 1565 2203 κύβοιςιν
1603 2139 1775 2204 ὡμίλει
2245 2149 2295 2188 10

600 2226 682 2277 καὶ
720 2226 899 2289 ςμικρὰ
937 2226 1119 2279 παίξας
1156 2226 1249 2288 τὴν
1287 2226 1471 2288 ςτολὴν
1511 2226 1734 2289 ἐνικήθη.

596 2310 809 2374 νιφετὸς
849 2310 894 2362 δ>
935 2311 1125 2373 ἐπῆλθε
1163 2311 1246 2362 καὶ
1284 2310 1485 2373 χάλαζα
1523 2311 1805 2374 φρικώδης,

599 2396 854 2459 κροκύδος
893 2394 939 2447 δ’
977 2395 1170 2458 ἐκείνης
1207 2398 1357 2446 πᾶςιν
1395 2394 1458 2458 ἦν
1499 2395 1621 2447 τότε
1659 2395 1817 2459 χρείη.

599 2483 791 2545 γυμνὸς
830 2480 876 2533 δ’
916 2482 1110 2535 ἐκεῖνος
1147 2485 1238 2544 τῆς
1277 2481 1437 2544 θύρης
1475 2481 1778 2545 ὑπεκκύψας

598 2568 681 2618 καὶ
719 2569 813 2631 τὴν
850 2567 1012 2619 λάλον
1050 2566 1270 2631 χελιδόν’
1306 2566 1371 2618 αὖ
1410 2568 1761 2619 κατοπτεύςας
2244 2575 2294 2615 15

428 2739 456 2778 4
485 2738 631 2789 λαβῆν
653 2736 686 2779 V
799 2739 907 2777 5—6
928 2738 1197 2791 transposuit
1219 2735 1268 2790 G]
1296 2738 1364 2777 ss.5
1385 2736 1417 2779 V
1529 2738 1554 2776 6
1577 2734 1852 2788 ἀναγγαίων
1874 2735 1906 2778 V
2007 2736 2032 2775 7
2054 2734 2242 2791 ἁθρόως
2262 2733 2295 2777 V

262 2793 482 2847 ἀτρόμως
515 2794 545 2837 Κ
678 2793 797 2836 ὥςτε
828 2795 981 2834 Hartel
1111 2796 1135 2834 8
1167 2792 1318 2845 αὐτὴν
1351 2792 1401 2846 G]
1437 2793 1526 2845 τὴν
1557 2793 1589 2837 V
1619 2792 1709 2846 τήν
1740 2806 1793 2836 τε
1827 2792 1858 2836 Κ
1888 2792 2037 2846 ἄκρην
2068 2790 2296 2837 Eberhard

265 2850 480 2893 ςκύδαλιν
513 2850 626 2892 ἔςιςε
657 2850 689 2893 V
837 2852 862 2890 9
896 2850 1074 2902 μέτοπα
1105 2850 1137 2894 V
1282 2852 1304 2890 7
1321 2874 1368 2878 —
1387 2852 1438 2890 10
1476 2850 1541 2893 ὡς
1572 2851 1622 2892 δέ
1739 2850 1878 2892 ἔςειςε
1908 2849 1986 2891 καὶ
2008 2880 2018 2890 .
2036 2878 2076 2890 ..
2101 2848 2294 2902 ἐπλήγη,

260 2904 396 2948 *ἀλλῗ
416 2937 424 2946 .
444 2937 454 2946 .
479 2907 673 2948 distinxit
705 2905 755 2960 G]
792 2907 855 2948 ὡς
888 2908 937 2949 δέ
960 2938 967 2946 .
989 2939 1025 2946 ..
1051 2908 1203 2958 ἔςειςε,
1236 2908 1312 2949 καὶ
1333 2937 1341 2945 .
1361 2939 1368 2946 .
1389 2937 1398 2945 .
1422 2906 1615 2959 ἐπλήγη.
1648 2905 1767 2949 ἀλλ’.
1787 2938 1796 2947 .
1816 2937 1826 2945 .
1854 2906 1884 2949 Κ
2029 2906 2083 2947 10
2111 2910 2212 2948 rest.
2242 2902 2294 2957 fl]

262 2962 360 3006 ἀλλ’
389 2962 419 3016 ἠ
452 2962 510 3012 (εἰ
541 2964 589 3016 Κ)
627 2964 826 3006 τοιαῦτα
866 2965 976 3016 φηςὶ
1016 2968 1116 3006 τοῖς
1155 2962 1306 3016 φίλοις
1345 2961 1487 3006 δίδως
1517 2965 1697 3015 (δώςεις
1729 2964 1778 3014 Κ)
1811 2962 1843 3006 V
1874 2963 1928 3003 de
1957 2975 2068 3004 voce
2096 2964 2296 3011 τοιαῦτα

259 3022 422 3074 primus
453 3021 633 3061 dubium
663 3024 798 3062 movit
826 3022 1126 3070 Eberhardus,
1162 3024 1236 3074 qui
1266 3023 1360 3074 ipse
1395 3021 1597 3062 dubitans
1626 3022 1854 3075 proposuit
1884 3020 1934 3062 ςὺ
1966 3021 2150 3063 ταθταῗ
2179 3020 2296 3061 id'em

259 3091 364 3119 vero
395 3090 495 3118 cum
525 3078 752 3118 adnotaret
782 3077 906 3130 ‘cpnci
938 3092 996 3118 se.
1029 3078 1057 3130 ἡ
1091 3078 1273 3132 κερδώ’,
1303 3078 1441 3119 falsus
1473 3083 1538 3119 est
1682 3080 1732 3117 11
1766 3074 2022 3120 ςυναντίςει
2051 3075 2085 3122 V

426 3134 504 3178 131
533 3133 660 3178 v130
691 3135 867 3186 (Knoell
887 3149 927 3188 p.
950 3137 1031 3175 686
1048 3149 1139 3188 sqq.
1168 3134 1397 3175 Eberhard
1426 3134 1639 3176 Analecta
1658 3135 1880 3175 Babriana
1898 3147 1942 3187 p.
1961 3136 2042 3175 1⁷9
2058 3134 2141 3188 sq.)
2173 3131 2294 3181 5123

260 3206 314 3226 =
344 3188 376 3235 G
403 3205 445 3244 p.
468 3193 550 3232 385
582 3190 706 3235 (2248
763 3212 821 3222 —
882 3196 902 3231 1
935 3191 1046 3234 νέον
1078 3191 1128 3234 ἐν
1159 3192 1227 3243 (ἐν
1259 3193 1341 3233 del.
1371 3192 1420 3241 Κ)
1453 3191 1609 3243 κύβοις
1640 3190 1767 3233 οὖςιν
1797 3190 1831 3234 V
1991 3193 2018 3232 2
2047 3188 2295 3233 κατέλιπεν

263 3246 370 3300 μίην
392 3245 623 3304 (μούνην)
651 3249 681 3291 Κ
711 3246 911 3302 (ἱματίου
944 3249 1019 3290 καὶ
1053 3248 1231 3300 μόνου
1264 3248 1395 3302 αὐτῷ
1427 3247 1809 3302 περιλειφθέντος
1842 3246 1870 3290 F
1898 3244 2084 3299 ἱματίου
2117 3246 2169 3289 δὲ
2200 3245 2296 3299 μό-

259 3317 360 3346 νου
391 3305 770 3359 περιλειφθέντος
803 3303 869 3358 0)]
906 3303 1013 3356 μίαν
1043 3303 1356 3347 κατελελοίπει
1387 3305 1418 3348 V
1548 3307 1573 3346 3
1604 3308 1747 3357 χειμῶ
1778 3304 1811 3348 V
1943 3306 1972 3345 4
1999 3302 2148 3356 ἠθμὸς
2178 3300 2237 3356 G}
2260 3301 2293 3354 ,ἡ

260 3362 359 3414 χεὶρ
391 3361 424 3404 V
458 3360 613 3416 ‘neque
643 3363 740 3416 χεὶρ
772 3361 952 3404 ἐξέδυςε
982 3362 1103 3402 nulla
1132 3363 1281 3402 addita
1310 3362 1626 3415 significatione
1658 3363 1712 3403 de
1740 3361 1844 3402 ludo
1875 3361 2030 3402 talario
2059 3364 2205 3414 potest
2231 3361 2295 3399 in-

260 3417 422 3471 tellegi’
442 3419 682 3470 Eberhard,
705 3420 777 3471 qui
797 3419 919 3470 πλὴν
942 3416 1190 3471 ςκείραφος
1210 3418 1296 3460 τὸν
1316 3419 1387 3459 vel
1409 3417 1464 3460 ὃν
1496 3418 1790 3473 ςκειράφειον
1811 3418 1998 3459 coniecit
2088 3417 2115 3457 5
2138 3415 2295 3470 εἴαρος

260 3473 351 3527 γὰρ
381 3474 414 3517 V
528 3473 661 3531 (τὰς)
690 3473 739 3528 Κ]
773 3489 855 3517 om.
878 3475 908 3518 V
1027 3477 1049 3514 7
1081 3477 1436 3527 τιττυβεζοῡςης
1467 3475 1499 3518 V
1615 3477 1641 3515 8
1672 3474 1846 3518 ἐςθέων
1877 3473 1908 3518 Κ
1939 3474 2004 3523 (in
2032 3473 2137 3519 adn.
2161 3469 2294 3525 erim]

261 3529 474 3582 ἐςθήτων
494 3531 526 3575 V
639 3535 774 3586 χρεῑα
802 3531 834 3574 V
955 3534 1005 3571 11
1037 3530 1235 3583 ἐνικήθει
1261 3532 1292 3574 V
1324 3531 1532 3584 ἐψιλώθη
1566 3532 1793 3573 Eberhard
1908 3531 1962 3571 12
1991 3529 2243 3584 φρικώδεις
2262 3527 2295 3571 V

264 3589 316 3626 13
348 3586 386 3628 δ’
418 3586 596 3641 ἐκείνης
628 3587 679 3642 G]
722 3588 771 3630 δέ
802 3588 963 3640 καινὴς
995 3588 1174 3641 (καινῆς
1208 3589 1255 3637 Κ)
1288 3589 1318 3631 V
1355 3588 1405 3630 δὲ
1442 3586 1635 3641 χλαίνης
1671 3587 1741 3640 (δὲ
1768 3588 1945 3639 πυκνῆς
1974 3587 2021 3627 in
2050 3586 2150 3630 adn.
2182 3586 2292 3635 crit.)

259 3644 487 3685 Eberhard
600 3645 711 3687 τότε
732 3643 780 3698 V]
814 3645 913 3687 τότ’
935 3644 993 3687 αὖ
1018 3645 1243 3685 Eberhard
1363 3648 1415 3686 14
1444 3646 1587 3699 θύρας
1618 3643 1862 3696 ὑπεκύψας
1893 3642 1926 3686 V
2043 3645 2094 3684 15
2124 3647 2224 3684 rest.
2249 3641 2294 3692 Κ,

262 3702 346 3741 nisi
375 3702 491 3754 quod
521 3701 736 3754 χελιδόνα
773 3703 983 3743 intactum
1012 3701 1206 3754 reliquit3
1245 3701 1442 3753 χελιδόν’
1475 3701 1532 3743 αὖ
1567 3701 1597 3746 G
1630 3699 1817 3754 Sauppe]
1859 3700 1934 3741 καὶ
1972 3699 2293 3742 κατοπτεύςας

263 3757 353 3810 τὴν
384 3756 526 3800 λάλον
556 3758 771 3811 χελιδόνα
801 3758 833 3802 V
