2190 4036
132 356 337 411 delectu,
374 367 480 409 usu,
519 356 769 397 st1··uctu1a
806 351 903 396 iam
927 350 1075 410 longe
1125 350 1374 412 discrepat
1400 353 1461 398 ab
1490 351 1773 401 Atticorum
1802 325 2144 422 conmuni-J
2176 351 2189 418 s

133 441 387 497 multaque
455 435 675 481 continet
730 451 859 480 nove
913 434 1061 493 dicta,
1111 435 1173 480 ad
1229 438 1484 496 vulgarem
1538 439 1971 500 popularemque
1971 423 2188 487 82³³

134 521 522 570 accommodata
605 521 682 566 Ex
724 519 781 565 iis
823 535 949 579 quae
1001 519 1188 566 Babrio
1229 529 1277 566 et
1315 522 1531 583 Polybio
1584 524 1870 571 communia
1894 532 2013 575 sunt
2047 526 2122 573 n?

135 609 270 654 nulla
320 607 467 652 liceat
518 605 757 666 proferre.
832 603 1044 650 Babrius
1096 611 1271 651 contra
1317 607 1584 654 atticorum
1633 609 1933 670 scriptorum
1985 584 2070 665 mo
2116 597 2122 621 '³

135 692 273 739 verbi
310 693 692 753 προςποιεῖσθαι
731 686 1005 750 (simulare)
1045 691 1286 737 aoristum
1335 693 1522 752 passivi
1571 709 1662 754 pro
1718 709 1824 740 aor.
1869 693 1992 741 med.
2029 710 2118 754 uer

133 779 296 840 pavit:
339 778 420 835 97,
460 777 488 820 2
527 770 887 837 προςποιηθεὶς
925 771 1070 838 μητρὶ
1125 777 1184 841 τῇ
1223 778 1359 822 θεῶν
1397 772 1562 835 θύειν,
1599 777 1828 839 idemque
1867 779 1916 825 in
1954 776 2121 841 Polyb?

133 863 398 920 invenitur,
447 860 503 906 cf.
571 859 848 906 Eberhardi
899 857 1349 919 „Observationum
1388 863 1779 925 Polybianarum
1836 863 2123 911 ΡατῐίουΙα

132 965 243 1010 pag.
285 948 349 994 33
390 942 512 1006 (quo
552 945 718 991 libello
741 943 912 990 Babrii
939 961 1085 1006 saepe
1111 945 1238 992 ratio
1267 947 1512 1004 habetur).
1554 947 1698 994 Adde
1738 948 1976 995 Parthen.

132 1035 329 1080 Phalar.
371 1048 446 1092 ep.
497 1031 561 1076 26
603 1037 650 1075 ct
703 1031 818 1085 142,
861 1030 905 1075 2.
982 1030 1050 1077 Ut
1089 1030 1303 1078 Babrius
1367 1033 1448 1092 39,
1505 1034 1537 1078 4
1596 1029 1868 1096 εἰρηνεύειν
1906 1013 2190 1086 transitis-2

131 1117 409 1179 usurpavit,
474 1117 543 1162 ita
605 1115 802 1176 passive
865 1115 993 1162 dixit
1049 1116 1293 1177 Polybius
1351 1113 1700 1180 εἰρηνευομὲνη
1752 1114 1884 1183 χώρα
1937 1118 1984 1177 5,
2035 1119 2084 1178 8,

131 1205 304 1250 Verba
342 1202 595 1247 Babriana
633 1216 731 1246 non
786 1215 944 1260 pauca
993 1201 1124 1262 apud
1178 1203 1442 1264 Polybium
1500 1202 1709 1263 primum
1749 1203 2086 1263 inveniuntur,

131 1307 177 1349 g.
218 1284 464 1350 εὐστοχεῖν
502 1287 613 1333 Pol.
656 1287 699 1345 1,
740 1286 819 1343 14,
872 1285 916 1331 7.
955 1286 1105 1333 Babr.
1161 1289 1204 1346 3,
1259 1288 1304 1333 9.
1379 1285 1483 1350 ῥεῖν
1535 1288 1845 1348 „decide1·e“:
1897 1289 2046 1338 Babr.
2093 1271 2179 1351 ἵζ’,ἶ

133 1375 197 1421 14
253 1369 349 1435 ἤδη
408 1368 583 1435 ῥέοντα
641 1364 727 1416 τὸν
774 1365 957 1432 στάχυν
1007 1366 1284 1434 θεωρήσας,
1343 1371 1400 1419 cf.
1458 1373 1568 1420 Pol.
1609 1375 1687 1433 12,
1744 1375 1791 1434 4,
1849 1375 1950 1422 14.’
2003 1392 2146 1435 φυ

131 1458 306 1519 ,,Ηο,1·ο“
348 1458 407 1503 de
448 1463 596 1503 vento
637 1455 787 1501 Babr.
831 1455 911 1514 18,
950 1457 996 1502 4.
1038 1456 1148 1502 Pol.
1192 1459 1238 1516 1,
1276 1457 1357 1514 48,
1399 1457 1446 1505 5.
1979 1468 1991 1477 ⁸

272 1543 380 1589 Nec
452 1540 744 1603 neglegendi
803 1547 917 1586 sunt
974 1541 1009 1586 ii
1065 1543 1350 1604 scriptores,
1409 1545 1495 1604 qui
1552 1544 1819 1606 Polybium
1874 1524 2190 1610 sequuntuiss

66 1660 71 1664 -
133 1630 408 1691 Dionysius
447 1627 873 1684 Halicarnasseus,
910 1626 1168 1673 Diodorus
1211 1628 1420 1687 Siculus,
1458 1630 1557 1676 alii.
1633 1629 1796 1676 Etiam
1845 1646 1907 1677 ex
1953 1631 2029 1678 his
2068 1617 2190 1701 ηοΕῚζἶ

131 1731 288 1776 pauca
341 1713 564 1775 prolerre
622 1711 807 1774 possim
865 1712 927 1756 ad
983 1728 1259 1759 sermonem
1318 1714 1622 1761 Babrianum
1655 1714 2027 1762 illustrandum:
2083 1700 2190 1783 δεῇ

131 1802 334 1861 longum
374 1806 463 1858 est,
503 1799 668 1844 omnia
708 1812 1009 1855 emmer-,aie
1051 1814 1207 1858 neque
1249 1799 1366 1844 utile
1411 1800 1473 1845 ad
1500 1806 1709 1846 aetatem
1738 1800 1910 1846 Babrii
1936 1783 2190 1884 definiam}

127 1887 255 1932 dam.
330 1884 520 1931 Omitto
578 1900 776 1944 quoque
830 1883 925 1928 hoc
974 1884 1086 1929 loco
1127 1883 1369 1930 disserere
1418 1885 1476 1930 de
1528 1884 1825 1946 cognatione
1876 1881 2190 1982 propinqua33

123 1988 232 2032 qua
271 1970 485 2017 Bablius
526 1985 635 2016 cum
677 1968 996 2030 septuaginta
1034 1969 1389 2030 intexprelibus
1430 1971 1610 2016 veteiis
1652 1971 1933 2018 testamenti
1970 1978 2018 2018 et
2052 1970 2190 2033 novi}

135 2056 418 2103 testamenti
457 2055 785 2117 scriptoribus
827 2054 1118 2100 coniunctus
1172 2061 1258 2113 est,
1319 2070 1426 2100 cum
1478 2054 1605 2101 infra
1655 2055 1753 2102 alia
1792 2056 1987 2104 occasio
2027 2054 2190 2121 huius}

134 2143 206 2188 rei
245 2140 568 2203 exponendae
608 2139 862 2187 offeratur.
925 2141 1029 2196 Qu
1028 2156 1066 2185 e
1105 2155 1215 2185 cum
1253 2139 1323 2186 ita
1342 2140 1455 2200 sint,
1492 2141 1589 2186 iam
1615 2146 1814 2186 transeo
1842 2142 1903 2188 ad
1930 2127 2190 2212 graecitar}

133 2239 230 2273 tem
270 2242 441 2272 eorum
482 2227 650 2287 paullo
706 2227 906 2273 ubelius
948 2226 1257 2272 mactandam
1295 2232 1344 2271 et
1399 2242 1508 2272 cum
1546 2225 1732 2273 Babrio
1773 2221 2190 2289 comparandam}

134 2329 260 2375 quos
300 2311 512 2359 saeculis
551 2312 767 2358 secundo
808 2319 857 2358 et
897 2312 1044 2358 tertio
1087 2318 1202 2372 post
1241 2309 1356 2357 Chr.
1395 2312 1653 2373 scripsisse
1694 2320 1903 2359 constat.
2176 2327 2190 2351 v

273 2393 478 2461 ἄκραῖος
540 2413 632 2457 pro
696 2392 846 2460 ἄκρος
901 2397 1164 2458 usurpavit
1202 2396 1417 2443 Babrius
1482 2397 1561 2457 95,
1619 2398 1687 2444 40
1744 2393 1814 2458 (et
1871 2398 2092 2458 31,13‚
2127 2397 2187 2444 si

134 2483 387 2530 Duebneri
439 2482 774 2529 coniecturam
842 2483 985 2529 valde
1052 2481 1355 2543 probabilem
1415 2482 1700 2543 sequimur).
1809 2484 1950 2540 Quae
2008 2470 2190 2533 formal.

132 2571 281 2615 etiam
320 2568 453 2630 apud
493 2566 780 2629 Oppianum
821 2569 871 2614 in
910 2568 1208 2614 Halieuticis
1261 2568 1327 2627 II,
1368 2568 1468 2615 395
1543 2569 1812 2615 invenitur.
1885 2570 1944 2615 In
1997 2567 2170 2615 iisdem

130 2654 428 2700 Halieuticis
483 2654 664 2713 legitur
714 2654 810 2711 III,
877 2652 939 2699 75
1004 2652 1079 2708 (cf.
1134 2653 1256 2713 469)
1306 2647 1453 2716 ὅρμιὴ
1502 2651 1698 2710 ἵππειος
1739 2649 1981 2712 ἐύσκοπος
2017 2651 2186 2716 (ΙίῐιοειΞ

131 2739 401 2800 piscatoria
438 2739 556 2785 setis
595 2739 788 2798 equinis
826 2737 999 2796 nexa),
1038 2738 1096 2784 cf.
1154 2740 1302 2786 Babr.
1344 2741 1387 2798 6,
1427 2740 1470 2785 3.
1511 2740 1544 2785 4
1584 2734 1734 2802 ἰχθὺν
1773 2734 1948 2803 ὅρμιῆς
1985 2735 2167 2799 ἀφ’ἷπε

131 2822 275 2886 πείης
309 2819 561 2887 ἥγρευσεν.

273 2910 315 2955 Ε
355 2907 564 2954 Claudio
605 2908 845 2967 Aeliano,
886 2910 1023 2956 cuius
1079 2910 1338 2967 „Historia
1386 2910 1700 2956 animalium“
1756 2911 1910 2956 multa
1961 2913 2168 2972 praebet

130 2995 192 3039 ad
230 2994 420 3040 fabulas
460 2994 736 3041 Babrianas
776 2995 1110 3055 explicandas,
1166 2994 1320 3040 affero
1375 2996 1675 3042 locutionem
1727 2991 1934 3059 ἐνείρειν
1970 2993 2018 3042 τί
2053 3011 2167 3053 τινι,

51 3110 53 3112 ψ
130 3096 235 3125 var.
275 3081 387 3125 hist.
429 3080 476 3138 4,
517 3081 596 3125 22.
636 3079 787 3127 Babr.
830 3081 910 3138 38,
951 3083 996 3126 2.

273 3166 496 3211 Transeo
537 3165 599 3209 ad
649 3166 986 3211 Plutarchum.
1062 3165 1245 3212 Babrio
1291 3181 1399 3211 cum
1454 3166 1727 3212 Plutarcho
1782 3167 2051 3214 communis
2094 3173 2170 3213 est

130 3250 331 3296 insolita
379 3250 518 3296 verbi
571 3246 839 3312 διατρέχειν
892 3252 1211 3297 constructio.
1299 3250 1423 3297 Cum
1477 3251 1604 3297 enim
1655 3252 1848 3312 priores
1899 3247 2167 3316 διατρέχειν

131 3350 239 3381 eum
292 3336 577 3381 accusativo
642 3336 935 3394 iunxissent,
987 3335 1045 3383 cf.
1113 3338 1269 3383 Thuc.
1325 3337 1370 3395 2,
1421 3336 1502 3395 25,
1558 3337 1587 3382 2
1639 3329 1926 3399 διαδραμών
1976 3329 2031 3382 τὸ
2068 3322 2166 3382 τῶν

123 3416 410 3482 Ἀθηναίων
471 3417 816 3485 στρατόπεδον,
874 3421 1086 3468 Babrius
1144 3430 1192 3468 et
1249 3423 1549 3468 Plutarchus
1606 3421 1841 3467 dixerunt
1898 3416 2166 3484 διατρέχειν

129 3501 277 3562 τινός.
350 3506 502 3552 Babr.
544 3507 609 3552 82
648 3507 779 3552 init.:
822 3502 996 3570 ἀγρίης
1031 3505 1203 3569 χαίτης
1242 3503 1501 3570 διέδραμεν
1527 3509 1638 3568 μῦς,
1692 3506 1946 3552 Plutarch.
1985 3505 2164 3567 Pyrrh.

133 3592 196 3638 13
235 3606 282 3654 p.
323 3590 440 3637 390.
481 3594 639 3658 θροῦς
679 3587 905 3655 διέδραμε
931 3594 1018 3653 τῆς
1044 3588 1316 3653 ἐκκλησίας.
1354 3589 1507 3657 τίγρις
1533 3591 1839 3637 Femininum
1888 3596 1964 3636 est
2011 3589 2160 3635 Babr.
