2190 4036
151 335 337 423 flant
375 356 595 403 nondum
635 354 699 404 ad
736 354 978 414 liquidum
1009 353 1262 414 perducta.
1291 352 1463 399 Veluti
1490 379 1560 385 ——
1586 359 1642 400 ut
1661 355 1759 402 alia
1797 355 1942 400 etiam
1969 354 2037 399 in-

254 447 560 506 jtrgumenta
598 439 1006 501 praetermittam,
1059 464 1126 471 —
1166 437 1428 485 Branchus
1467 440 1563 498 ille,
1613 441 1744 500 regis
1785 439 2039 486 cuiusdam

135 515 291 585 '‘t-,dri
328 527 476 585 filius,
516 541 661 585 quem
700 523 931 583 Babrius,
969 524 1180 571 fortasse
1219 519 1322 571 eius
1363 524 1602 570 educator
1641 534 1691 571 et
1728 531 2040 586 praeceptor,

132 606 280 674 ’ζ’ῐίθε
306 611 504 659 1101111116
531 610 731 668 affatur,
769 635 840 640 —-
879 609 989 668 quis
1016 609 1176 668 fuerit,
1218 626 1316 670 qua
1354 617 1516 655 aetate
1544 610 1744 669 vixerit,
1783 626 1880 656 non
1921 608 2041 655 satis

201 712 522 760 *possumus
596 693 776 754 Neque
818 695 890 753 iis,
931 697 1015 756 qui
1055 697 1228 742 Babrii
1270 697 1575 754 choliambos
1615 712 1723 742 cum
1753 695 2043 742 choliambis

168 790 209 826 ia·
278 786 539 845 poetarum
598 789 1030 840 comparav,erunt
1089 788 1281 828 tantum
1339 781 1550 827 fructum
1610 798 1671 828 ex
1726 783 1822 827 hoc
1873 782 2043 826 labore

32 842 55 885 ς
99 811 355 931 {pm-unt,
404 871 462 912 ut
512 871 696 911 celtam
737 865 796 911 de
834 865 1007 911 Babrii
1046 874 1207 912 aetate
1248 859 1783 913 coniecturam'facere
1826 871 2043 926 possent.

115 953 300 1027 “33Quae
339 967 448 998 cum
487 951 559 996 ita
597 951 710 1008 sint,
770 951 908 996 nulla
947 951 1045 996 alia
1103 968 1223 998 ansa
1278 952 1398 998 mihi
1457 951 1652 996 videtur
1709 957 1897 997 restare
1947 967 2046 1011 qua

92 1041 344 1101 petatem
384 1035 559 1082 Babrii
599 1036 768 1097 paullo
809 1035 1078 1082 artioribus
1117 1037 1295 1082 finibus
1335 1037 1684 1094 desclibamns,
1726 1053 1872 1097 quam
1900 1052 2044 1083 accu-

141 1123 256 1170 .·'ma
318 1122 553 1169 tractatio
606 1119 848 1167 sermonis
887 1119 1139 1167 Babriani.
1215 1121 1394 1182 Neque
1447 1123 1634 1181 dubito,
1693 1122 1813 1181 quin
1853 1123 1903 1181 ii,
1961 1122 2044 1182 qui

114 1214 175 1290 :5⁸
214 1208 451 1270 opinione
490 1213 604 1254 ante
645 1211 886 1266 concepta
926 1206 1061 1251 ducti
1090 1222 1247 1266 neque
1275 1208 1594 1268 simplicitate
1622 1213 1771 1266 atque
1799 1208 2047 1268 elegantia

14 1160 126 1336 Ἐξ
194 1292 531 1356 praestricti
590 1292 873 1352 diligentem
928 1291 1323 1351 disquisitionem
1387 1295 1756 1355 aggrediantur,
1820 1294 1882 1339 ad
1939 1309 2043 1339 eam

13 1338 128 1431 ,p
112 1379 307 1454 f‘fntiam
356 1379 733 1439 compellantur,
782 1383 838 1421 ut
874 1376 1112 1422 Babrium
1152 1387 1268 1438 post
1308 1377 1559 1425 Christum
1610 1386 1781 1425 natum
1819 1379 2045 1424 floruisse

11 1439 100 1523 [zie
126 1470 203 1511 t
252 1463 496 1524 Equidem
537 1478 599 1508 ex
639 1462 759 1508 satis
789 1462 935 1508 certis
963 1464 1283 1523 aigumentis,
1311 1481 1437 1524 (11166
1457 1463 1586 1510 infra
1610 1461 1766 1509 fusius
1794 1479 2054 1524 exponere,

7 1524 113 1663 ξι
110 1548 265 1610 nimo
318 1554 406 1607 est,
459 1547 755 1594 concludere
807 1562 954 1607 posse
1004 1547 1123 1592 mihi
1175 1549 1363 1608 videor,
1411 1549 1648 1595 Babrium
1700 1550 1794 1594 fine
1844 1549 2044 1595 secundi

104 1656 109 1671 ·
164 1631 282 1681 Chr.
319 1633 506 1680 saeculi
559 1631 750 1678 fabulas
803 1631 1076 1692 scripsisse.
1153 1633 1284 1680 Nam
1339 1650 1638 1695 quamquam
1688 1635 1843 1680 multa
1882 1635 1929 1680 in
1971 1636 2046 1680 his

5 1672 27 1776 i
105 1719 188 1774 lis
237 1719 420 1777 insunt,
459 1734 587 1778 quae
635 1717 780 1763 etiam
822 1717 978 1763 serius
1019 1724 1211 1778 tempus
1249 1725 1543 1778 monstrant,
1589 1727 1750 1766 tamen
1791 1736 1864 1777 60,
1915 1721 2046 1779 (111011

4 1776 33 1808 ³
110 1805 420 1852 Dositheus
467 1804 709 1875 Magister
758 1809 807 1847 et
854 1801 1086 1849 Julianus
1134 1803 1370 1850 Babrium
1426 1813 1690 1865 noverunt
1741 1805 2047 1866 impedimur,

3 1849 31 1915 i
102 1906 216 1957 ,eum
255 1890 411 1936 tertio
451 1891 652 1936 saeculo
693 1889 772 1933 vel
811 1887 991 1933 seliori
1030 1904 1197 1934 66νο
1183 1891 1503 1951 assignemus.

15 2035 18 2039 .
109 1976 445 2025 Sermonem
496 1974 800 2020 Babrianum
856 1973 1238 2034 explicaverunt
1294 1982 1342 2022 et
1399 1992 1507 2022 611111
1561 1974 1668 2022 aliis
1719 1976 2047 2037 scriptoribus

12 2062 20 2067 ”
81 1995 433 2126 .’7’ἰ’ρ61·61,’61·11111
468 2058 845 2118 Boissonadius,
885 2058 1063 2106 doctus
1103 2067 1153 2106 et
1194 2061 1488 2123 intellegens
1528 2062 1732 2108 serioris
1762 2061 2046 2122 graecitatis

19 2213 21 2218 .
75 2149 341 2232 timator,
379 2152 428 2192 et
466 2145 712 2204 Lexisius,
752 2144 927 2190 Babrii
967 2145 1199 2193 editores.
1275 2148 1526 2208 Deinceps
1554 2148 1651 2192 duo
1680 2147 1904 2192 homines
1926 2147 2047 2191 bene

19 2244 24 2287 ᾗ
79 2242 98 2297 f
121 2234 179 2283 iti
195 2238 321 2280 sunt
346 2232 406 2279 de
432 2247 658 2278 sermone
685 2230 937 2276 Babriano
966 2229 1289 2290 explicando:
1329 2234 1455 2279 altei
1495 2231 2047 2290 O.Ke11erus,qui

76 2315 202 2381 '’gllo,
253 2333 400 2379 quem
447 2317 508 2362 de
554 2316 766 2362 historia
815 2315 1090 2362 fabulaium
1131 2314 1440 2377 Graecarum
1491 2317 1788 2378 conscripsit
1824 2316 2042 2377 (Lipsiae

16 2406 21 2415 ”
77 2404 168 2466 {a
217 2420 264 2472 p.
305 2401 405 2448 385
444 2417 554 2461 sqq.
609 2417 750 2447 usum
790 2401 1096 2447 locutionum
1137 2408 1186 2447 et
1227 2404 1490 2448 verborum
1532 2403 1897 2448 Babrianorum
1936 2416 2043 2461 per-

108 2512 109 2515 ’
139 2489 258 2536 avit.
333 2487 483 2546 Quod
548 2502 605 2531 eo
665 2486 872 2532 consilio
934 2485 1062 2546 fecit,
1119 2494 1175 2533 ut
1232 2488 1609 2545 demonstraret,
1662 2487 1901 2533 Babrium
1947 2488 2042 2531 fine

73 2575 214 2630 *ndi
251 2579 366 2620 ante
405 2570 658 2636 Christum
698 2578 866 2618 natum
908 2573 1094 2619 saeculi
1132 2573 1375 2619 floruisse.
1453 2572 1552 2620 Sed
1590 2587 1895 2632 quamquam
1935 2587 2042 2632 per-

67 2644 167 2724 'ta
203 2659 254 2706 in
294 2659 392 2705 ista
430 2663 661 2718 tempora
700 2658 949 2718 quadrare
988 2666 1104 2720 apte
1144 2658 1392 2717 videntur,
1431 2664 1594 2703 tamen
1636 2673 1735 2702 non
1774 2672 1934 2717 pauca
1972 2656 2045 2702 in-

66 2729 298 2806 '‘untur,
335 2758 466 2804 quae
505 2742 568 2789 ad
609 2742 971 2803 infringendam
1010 2744 1201 2791 Kelleri
1239 2744 1298 2790 de
1337 2742 1511 2788 Babrii
1549 2749 1712 2789 aetate
1752 2741 2045 2787 sententiam

0 2817 4 2820 γ
65 2818 230 2899 issant.
304 2827 452 2875 Alter
508 2836 583 2875 est
635 2829 697 2874 A.
771 2830 1186 2876 Eberhardus
1228 2828 1675 2890 („Observationes
1714 2824 2044 2884 Babrianae‚“

66 2915 241 2984 ,lini
297 2914 468 2975 1865),
521 2914 606 2974 qni
658 2914 855 2974 quidem
917 2922 1148 2961 accurate
1198 2915 1532 2976 proprietates
1583 2911 1757 2958 Babiii
1796 2911 2047 2971 congessit

7 3007 11 3010 “
75 3002 268 3066 baque
315 3005 364 3045 et
405 3001 673 3046 verborum
712 2999 896 3046 formas
936 3016 1048 3047 sera
1086 3001 1166 3046 vel
1204 3000 1443 3046 inusitata
1482 2996 1805 3044 enumeravit.
1858 2996 2044 3042 Tamen

156 3086 230 3133 ita
265 3099 371 3131 rem
409 3084 699 3131 exhausisse
739 3085 858 3131 mihi
898 3085 1112 3139 videtur,
1154 3092 1210 3130 ut
1235 3101 1429 3147 semper
1458 3097 1760 3144 cognoscere
1788 3081 2047 3142 possimus,

68 3182 145 3241 [2
185 3169 404 3216 Babrius
464 3185 572 3215 cum
630 3169 737 3216 aliis
798 3171 980 3219 habeat
1037 3171 1330 3230 communia,
1387 3169 1565 3230 quibus
1605 3166 1816 3213 differat.
1870 3167 2048 3226 Itaque

68 3248 153 3323 {js
177 3270 275 3302 non
317 3270 476 3316 pauca
514 3255 690 3300 relicta
715 3262 845 3314 sunt,
886 3256 1065 3316 quibus
1094 3273 1164 3314 ea,
1205 3271 1332 3316 quae
1358 3255 1588 3301 Kellerus
1616 3253 1934 3300 Eberhardus
1963 3253 2045 3298 alii

84 3338 496 3399 ,madverterunn
534 3341 766 3401 supplere
805 3349 955 3402 atque
995 3357 1177 3402 augere
1217 3341 1416 3403 possim.

67 3422 409 3479 Cunctam
467 3441 615 3486 quam
665 3427 894 3487 congessi
950 3426 1207 3472 materiam
1262 3426 1334 3472 ita
1391 3426 1667 3486 disponam,
1722 3429 1779 3469 ut
1838 3421 2047 3484 primum

70 3498 256 3578 ‘eram
294 3511 356 3558 de
394 3511 581 3558 Babrio
635 3511 860 3574 priorum
901 3517 1161 3572 poetarum
1201 3510 1466 3557 imitatore.
1539 3508 1733 3555 Deinde
1773 3523 2046 3554 sermonem

122 3649 129 3654 ,
159 3597 325 3645 ianum
367 3599 666 3659 comparabo
721 3612 830 3642 cum
870 3612 1096 3644 sermone
1135 3596 1435 3658 scriptorum
1486 3594 1742 3651 seriorum,
1800 3609 1884 3639 eos
1923 3592 2050 3651 dico,

90 3675 91 3678 ,
1713 3672 1763 3715 1*
