2332 4134
1073 305 1141 313 -
1214 264 1423 329 88’-

575 419 640 471 τὰ
677 417 724 471 δ’
762 418 833 470 ώς
870 420 1174 482 φρονοῦςαν
1212 417 1370 470 οὐδὲν
1407 418 1580 481 ἠμέλει
1615 417 1824 481 ταύτην.

573 503 696 556 τότε
733 504 797 567 δὴ
835 503 1054 566 χελιδὼν
1088 502 1342 554 ἱκέτευςεν
1380 501 1695 566 ἀνθρώπους

577 588 815 640 ςύνοικον
852 586 1015 651 αὑτὴν
1051 590 1385 651 προςλαβεῖν·
1424 587 1588 651 μόνης
1624 587 1796 640 οὕτως
2237 601 2264 639 5

576 674 735 737 αὐτῆς
771 676 1031 737 πτεροῖςιν
1069 673 1176 727 ἰξός
1213 673 1309 725 οὐκ
1348 672 1615 736 ἐκολλήθη.

406 802 463 854 ‘O
501 801 658 863 λόγος
696 803 859 864 δηλοῖ,
899 800 978 853 ὅτι
1015 801 1065 854 οἱ
1100 802 1165 853 τὰ
1203 802 1457 866 μέλλοντα
1495 803 1861 868 προορώμενοι
1898 801 2115 856 εἰκότως
2141 805 2265 856 τοὺς

244 889 514 941 κινδύνους
551 886 929 948 διακρούονται.

1193 1100 1311 1157 158

576 1230 737 1281 Οὔπω
777 1232 1039 1294 κολυμβᾶν
1069 1228 1207 1299 <τίς>
1237 1230 1354 1283 ποτ’
1383 1229 1693 1301 <ἐκ>μαθὼν
1729 1234 1908 1297 μεῖραξ

575 1315 814 1379 ποταμὸν
852 1319 1013 1379 διειδῆ
1052 1317 1135 1366 καὶ
1173 1317 1335 1369 καλὸν
1374 1319 1640 1382 θεωρήςας

573 1400 789 1465 ἔρριψεν
827 1400 990 1452 αὑτὸν
1026 1402 1224 1464 γυμνὸν
1262 1401 1334 1453 ώς
1371 1403 1732 1466 κολυμβήςων·

574 1485 635 1537 τὸ
675 1484 838 1549 ῥεῦμα
877 1485 922 1537 δ’
963 1485 1126 1538 αὐτὸν
1163 1487 1246 1537 καὶ
1283 1486 1345 1536 τὸ
1385 1486 1569 1548 βένθος
1607 1485 1704 1538 οὐκ
1741 1484 1835 1538 εἴα.

576 1570 702 1622 ἰδὼν
740 1571 801 1622 δὲ
840 1570 1197 1635 βουκολοῦντά
1234 1571 1326 1622 τιν’
1366 1571 1699 1636 ἐπιφωνήςας
2243 1585 2269 1623 5

578 1655 700 1708 ’ἀπὸ
740 1654 899 1708 θῖνος’
937 1654 1050 1708 εἶπε
1089 1654 1190 1719 “μοι
1227 1656 1467 1720 πρότεινε
1506 1657 1599 1708 τὰς
1637 1656 1843 1721 χεῖρας.’

575 1740 605 1792 ὁ
645 1739 690 1793 δ’
726 1731 818 1792 εεἶ’
857 1741 1025 1803 λέγων
1060 1734 1355 1805 (τολμηρόὸ
1395 1741 1458 1794 οὐ
1499 1745 1637 1794 διδοῖ
1671 1745 1831 1806 χεῖρα.

573 1829 752 1890 μεῖραξ
791 1824 837 1878 δ’
874 1818 988 1878 ’ἐὰν
1023 1826 1134 1878 νῦν’
1173 1825 1286 1878 εἶπε
1325 1824 1427 1890 ζμοὶ
1468 1826 1751 1895 βοηθήςῃς,“

576 1910 789 1963 ςωθέντ’
829 1911 1054 1974 ἐλέγχειν
1092 1912 1277 1975 καιρὸν
1314 1911 1533 1975 ὕςτερον
1571 1911 1796 1975 ςχήςεις.’

651 1994 747 2062 [δεῖ
782 1995 933 2048 πάντ’
972 1995 1203 2061 ἀπείρως
1241 1997 1530 2061 ἐμπεςόντα
1568 1997 1824 2049 κινδύνοις
2222 2009 2274 2046 10

577 2080 757 2135 ςώζειν
794 2081 1073 2145 πρότερον,
1112 2082 1288 2135 ἔπειτα
1326 2085 1594 2134 νουθετεῖν
1632 2081 1853 2149 μέμψει.]

406 2367 520 2405 3-4
548 2368 648 2406 rest.
679 2365 919 2417 Eberhard,
951 2367 1035 2406 nisi
1066 2366 1181 2420 quod
1211 2366 1345 2408 habet
1374 2364 1581 2409 ἱκέτευεν
1707 2364 1871 2419 ‘utique
1899 2365 2053 2406 fabula
2083 2369 2273 2406 extrema

240 2422 368 2464 valde
398 2423 621 2463 decurtata
652 2423 727 2462 est’
758 2422 984 2463 Eberhard
1100 2425 1125 2463 5
1154 2425 1433 2477 προςλαβεῖν
1466 2428 1508 2463 et
1538 2423 1692 2465 οὕτως
1719 2420 1770 2476 G]
1803 2420 1847 2464 οἱ
1878 2421 1917 2463 δ’
1937 2420 2277 2474 ἀποδεξάμενοι

241 2477 425 2532 αὐτὴν
456 2479 530 2520 ἐπὶ
559 2482 617 2532 τῇ
648 2479 822 2521 ςυνέςει
852 2479 927 2520 καὶ
961 2478 1221 2522 ςύνοικον
1255 2481 1419 2522 αὑτοῖς
1449 2479 1894 2534 προςλαβόμενοι
1925 2479 2073 2521 οὕτω
2106 2477 2272 2530 ςυνέβη

247 2569 256 2577 .
275 2569 284 2577 .
303 2569 312 2577 .
332 2569 341 2578 .
362 2536 531 2589 μόνην
564 2536 614 2578 δὲ
640 2537 729 2588 τὴν
759 2535 974 2588 χελιδόνα
1006 2537 1071 2580 ὡς
1101 2538 1375 2590 πρόςφυγον
1407 2538 1483 2578 καὶ
1515 2537 1565 2579 ἐν
1596 2539 1701 2579 ταῖς
1740 2535 1900 2578 αὐτῶν
1931 2533 2094 2577 οἰκίαις
2125 2533 2276 2578 ἀδεῶς

237 2595 635 2636 νεοττοποιεῖςθαι
654 2594 764 2646 Aug.
883 2596 1008 2646 epim.
1030 2593 1162 2649 Aug.]
1195 2595 1359 2645 ὅμοιον
1387 2595 1628 2647 (praecedit
1646 2594 1799 2634 fabula
1831 2591 2063 2646 βάτραχος
2091 2589 2275 2646 ἰατρός)

237 2649 272 2693 Β
299 2650 513 2704 promyth.

406 2735 490 2780 158
522 2735 646 2779 8115
676 2734 793 2778 F167
815 2753 868 2771 =
891 2734 921 2779 G
941 2750 983 2789 p.
1001 2738 1086 2776 404
1108 2753 1159 2771 =
1183 2734 1334 2780 c3101
1352 2737 1532 2790 :Augu
1552 2737 1634 2776 207
1667 2734 1819 2779 (23102
1878 2734 2043 2778 Οὔπω
2076 2735 2275 2785 κολυμ-

242 2795 349 2846 βᾶν
381 2790 615 2846 μειράκιον
649 2792 834 2842 μαθὸν
865 2792 1131 2843 ποταμὸν
1163 2793 1347 2846 διειδῆ
1379 2794 1471 2835 καὶ
1502 2792 1672 2834 καλὸν
1703 2794 2005 2845 θεωρῆςαν
2037 2789 2276 2845 ἔρριψεν

245 2849 452 2893 ἑαυτὸν
494 2848 707 2900 γυμνὸν
754 2850 825 2891 ὡς
870 2848 1246 2901 κολυμβήςων.
1303 2850 1365 2892 τὸ
1404 2851 1580 2902 ῥεῦμα
1618 2849 1675 2891 δὲ
1713 2848 1850 2891 αὐτὸ
1897 2850 1986 2890 καὶ
2029 2847 2093 2890 τὸ
2139 2847 2276 2900 βάθος

240 2905 345 2949 οὐκ
375 2905 462 2948 εἷα
493 2907 665 2958 ςτῆναι.
710 2905 766 2947 τὸ
799 2906 857 2947 δέ
892 2907 1116 2958 βουκόλον
1148 2906 1325 2959 ἐφώνει
1357 2905 1448 2948 ἀπὸ
1479 2909 1564 2958 τῆς
1595 2905 1737 2959 ὄχθης
1774 2905 1873 2947 τὰς
1910 2908 2101 2958 χεῖρας
2132 2902 2277 2947 ἐκτεί-

246 2976 358 3005 νειν.
397 2963 423 3005 ὁ
455 2961 511 3004 δέ
541 2961 825 3015 τολμηρὸν
857 2963 1008 3005 ἐκάλει
1038 2964 1114 3005 καὶ
1146 2963 1231 3004 οὐκ
1261 2962 1416 3005 ἐδίδου
1447 2966 1616 3017 χεῖρα.
1658 2963 1714 3005 τὸ
1747 2962 1802 3004 δὲ
1836 2961 2011 3004 εἶπεν·
2042 2961 2168 3015 ’ἄρτι
2202 2974 2278 3012 μοι

243 3018 425 3073 βοήθει·
470 3018 583 3061 ἕξεις
629 3018 679 3061 δὲ
724 3019 919 3073 καιρὸν
964 3020 1212 3072 ἐλέγχειν
1259 3021 1339 3063 ὅτε
1386 3020 1543 3063 ςώςεις
1582 3019 1664 3071 με.’
1697 3020 1729 3062 Β
1802 3019 1927 3062 Παῖς
1965 3030 2100 3061 ποτε
2139 3019 2274 3074 (ποτε

237 3090 326 3118 om.
356 3075 432 3128 01)
468 3075 724 3126 λουόμενος
762 3075 811 3118 ἔν
847 3089 938 3118 τινι
976 3078 1083 3128 (τινι
1120 3091 1201 3118 om.
1234 3076 1311 3127 cl)
1357 3080 1556 3131 ποταμῷ
1603 3076 1925 3119 ἐκινδύνευςεν
1962 3073 2276 3127 ἀποπνιγῆναι

244 3133 530 3186 (ἐκινδύνευε
557 3135 778 3185 πνιγῆναι
810 3132 901 3181 (21).
937 3131 1072 3176 ἰδὼν
1105 3134 1160 3176 δὲ
1192 3133 1443 3187 ὁδοιπόρον
1475 3134 1568 3182 (καὶ
1598 3131 1715 3175 ἰδών
1746 3144 1871 3175 τινα
1899 3129 2163 3186 παροδίτην
2196 3129 2277 3180 01)

240 3193 417 3232 τοῦτον
447 3189 521 3232 ἐπὶ
545 3188 734 3244 βοηθείᾳ
764 3189 916 3232 ἐκάλει
937 3190 1127 3241 (τοῦτον
1150 3190 1223 3232 ἐπὶ
1247 3190 1465 3243 βοήθειαν
1488 3190 1665 3243 ἐφώνει
1684 3191 1795 3244 Aug.
1828 3189 2062 3241 ἐπεφών
2078 3200 2127 3230 ει
2158 3187 2277 3240 κβοή-

243 3247 402 3300 θηςον’
434 3245 510 3298 01)
548 3246 574 3288 ὁ
607 3245 656 3288 δέ
688 3246 924 3299 ἐμέμφετο
953 3250 1022 3301 τῷ
1059 3248 1187 3289 παιδὶ
1226 3247 1328 3299 (τὸν
1358 3247 1505 3289 παῖδα
1534 3248 1664 3300 Aug.)
1704 3247 1769 3288 ὡς
1804 3247 2027 3300 τολμηρῷ
2061 3245 2145 3296 (ώς
2173 3245 2278 3286 τολ-

247 3304 400 3358 μηρὸν
420 3303 531 3357 Aug.
553 3302 812 3357 τολμηρίαν
835 3303 926 3354 01).
957 3303 1013 3345 τὸ
1046 3304 1102 3346 δέ
1137 3303 1423 3358 μειράκιον
1455 3304 1573 3346 εἶπε
1603 3303 1720 3357 πρὸς
1742 3301 1891 3344 αὐτόν
1923 3302 1995 3348 (τὸ
2017 3301 2067 3343 δέ
2089 3299 2278 3343 παιδίον

245 3359 377 3403 εἶπεν
407 3358 509 3413 01)·
545 3358 681 3401 *ἀλλὰ
718 3363 818 3402 νῦν
858 3373 945 3411 μοι
983 3363 1077 3410 (μοι
1107 3375 1189 3402 om.
1216 3361 1347 3415 Aug.)
1387 3360 1543 3413 βοήθει
1575 3358 1871 3413 (βοήθηςον
1903 3357 2001 3410 01),
2043 3358 2277 3411 ὕςτερον

244 3416 299 3459 δὲ
329 3417 526 3460 ςωθέντι
565 3416 835 3469 (ςωθέντα
872 3415 930 3460 01
970 3429 1044 3467 μοι
1080 3418 1179 3458 add.
1210 3418 1341 3471 Aug.)
1391 3417 1575 3469 μέμφου
1622 3416 1801 3470 (μέμψῃ
1842 3415 1888 3466 F)
1935 3413 2044 3459 fel
2065 3414 2176 3467 Aug.
2220 3432 2280 3443 —

250 3472 442 3528 1-[11]
473 3479 572 3515 rest.
598 3472 627 3517 G
762 3472 980 3528 [lo-11]
1013 3473 1086 3516 ὅτι
1115 3474 1227 3516 τοὺς
1258 3473 1308 3516 ἐν
1340 3473 1626 3516 κινδύνοις
1658 3471 1903 3526 ἀπείρως
1933 3469 2278 3523 ἑμπεςόντας

245 3529 335 3574 δεῖ
364 3530 642 3584 πρότερον
677 3530 891 3579 ςώΖειν,
931 3530 1122 3572 ἔπειτα
1155 3530 1385 3573 διδάςκειν
1416 3532 1491 3572 καὶ
1523 3532 1823 3572 νουθετεῖν
1855 3529 1887 3572 Β
1917 3527 2131 3582 promyth.
2251 3526 2277 3568 ὁ

251 3587 394 3639 λόγος
430 3586 614 3640 εἴρηται
648 3587 765 3641 πρὸς
799 3587 913 3628 τοὺς
949 3586 1166 3640 ἀφορμὰς
1202 3588 1302 3628 καθ’
1342 3588 1526 3629 ἑαυτῶν
1566 3586 1783 3628 διδόντας
1821 3584 2075 3627 ἀδικεῖςθαι
2106 3582 2134 3627 F
2161 3583 2276 3637 Aug.

250 3643 368 3697 quod
403 3644 683 3697 epimythium
718 3645 803 3684 huc
837 3657 926 3684 non
962 3645 1177 3697 pertinere
1212 3658 1339 3684 nemo
1371 3657 1460 3685 non
1488 3644 1622 3685 videt.
1659 3645 1705 3683 in
1736 3657 1787 3684 eo
1819 3641 1936 3695 quod
1966 3639 2023 3686 0¹
2054 3640 2220 3681 habet:
2249 3639 2277 3681 ὁ
2331 3646 2332 3650 ’

250 3699 398 3797 {mooe
448 3700 583 3796 δίηλοῖ
623 3702 768 3742 τοῦτο
810 3699 893 3752 *μὴ
940 3699 1123 3753 μέμφου
1168 3700 1291 3752 πλὴν
1328 3699 1537 3753 ἐλέηςον’
1576 3700 1771 3740 clausula
1809 3698 2033 3752 epimythii
2071 3696 2281 3750 dactylici

271 3761 387 3798 atere
412 3758 458 3796 vi
491 3761 584 3797 etur
