2332 4134
934 353 1003 360 —
1080 322 1178 374 151
1255 351 1323 358 -

1072 464 1191 522 281

444 569 647 622 Θύννος
690 566 798 635 <τίς
835 564 990 634 ποθ’>
1033 566 1383 630 ὑπεκφεύγων
1421 563 1621 628 δελφῖν’
1661 562 1751 614 ὅτε
1790 565 1970 631 πολλῷ

447 655 653 719 ἱεμένος
692 652 855 721 ῥοίζῳ
895 654 1292 716 καταληφθῆναι
1337 647 1514 718 (aas)
1558 649 1784 714 ἔμελλεν,

395 750 401 755 ’
454 740 691 794 ἐξέπεςεν
730 740 968 803 ςφοδρᾶς
1006 736 1112 789 ὑπὸ
1153 735 1315 800 ῥύμης
1355 735 1579 790 εἴςτινα
1615 738 1802 799 νῆςον·

446 830 508 894 τῇ
549 827 609 877 δὲ
647 827 795 891 φορᾷ
832 823 995 891 ταύτῇ
1036 823 1121 875 καὶ
1161 823 1345 887 δελφὶν
1385 822 1712 885 ἐξεκρούςθη.

450 911 642 963 θύννος
681 909 727 962 δ’
766 909 839 961 ὡς
875 912 1071 961 τοῦτον
1110 908 1516 972 λειποψυχοῦντ’
1557 907 1787 970 ἐθεώρει,
2125 916 2152 955 5

450 997 638 1049 ὀὐκέτι
676 994 775 1059 μοι’
819 994 974 1059 φηςίν
1013 993 1260 1046 εθάνατος
1300 994 1533 1057 λυπηρὸς
1572 993 1765 1056 ὁρῶντι

446 1083 542 1135 τόν
580 1099 641 1146 με
680 1080 883 1134 θέλοντ’
923 1079 1128 1132 ἀνελεῖν
1167 1079 1323 1144 κάμοὶ
1363 1076 1890 1142 ςυναποθνήςκοντα’.

281 1169 336 1221 ‘0
364 1171 530 1232 μῦθος
557 1170 707 1231 δηλοῖ
733 1166 813 1218 ὅτι
852 1166 1050 1234 ῥᾳδίως
1088 1166 1181 1218 τὰς
1220 1166 1494 1230 ςυμφορὰς
1533 1164 1583 1216 οἱ
1623 1164 1897 1228 ἄνθρωποι
1935 1164 2155 1228 φέρουςι

108 1255 234 1309 τοὺς
269 1254 480 1307 τούτων
518 1252 717 1305 αἰτίους
756 1255 1143 1315 δυςτυχοῦντας
1182 1250 1432 1315 ὁρῶντες.

441 1525 653 1588 Ταῦρον
692 1523 1053 1588 ἀγαλλόμενόν
1097 1521 1278 1592 <ποτ’>
1322 1522 1504 1575 ἰδοῦςα
1543 1524 1717 1587 κέραςι
1755 1522 1984 1586 κάμηλος

444 1611 606 1674 καύτὴ
648 1611 908 1675 ἐβουλήθη
949 1608 1235 1675 φθονέους’
1272 1608 1400 1661 ’ίςῳν
1440 1609 1718 1674 ἐφικέςθαι.

444 1698 528 1750 καὶ
567 1697 955 1761 παραγινομένη
995 1696 1131 1759 πρὸς
1169 1696 1265 1747 τὸν
1302 1696 1410 1747 Δία
1448 1696 1642 1747 τούτου
1685 1696 1878 1747 ἐδεῖτο·

434 1783 500 1835 ὦ
540 1784 662 1846 Ζεῦ,
701 1783 1015 1847 πρόςνειμον
1054 1783 1137 1834 καὶ
1178 1783 1306 1846 ἐμοῦ
1346 1788 1421 1850 τῷ
1463 1783 1611 1846 κρατὶ
1650 1781 1875 1845 κέρατα’.

442 1870 577 1922 Ζεὺς
616 1868 662 1922 δ’
702 1868 1061 1932 ἀγανακτήςας
1100 1868 1232 1920 κατὰ
1270 1868 1462 1930 ταύτης
1501 1866 1638 1919 εἶπε·
1678 1866 1751 1919 (ςύ
1789 1866 1836 1928 γ’
1875 1865 1918 1918 εἰ
1956 1867 2022 1931 μὴ
2096 1877 2142 1918 -5

443 1955 577 2023 ἀρκῇ
619 1961 693 2023 τῷ
734 1956 936 2019 μεγέθει
974 1958 1035 2021 τῇ
1075 1950 1120 2005 τ’
1162 1953 1290 2017 ἰςχύι
1331 1955 1583 2018 ςώματος,
1624 1952 1756 2004 ἀλλὰ

455 2082 1043 2094 .........
1111 2042 1493 2104 περιςςοτέρων
1534 2041 1813 2103 ἐπιθυμεῖς,

442 2213 551 2282 <χὼ
590 2212 757 2283 Ζεὺς>
801 2215 865 2265 οὐ
905 2213 1071 2277 μόνον
1110 2213 1175 2264 οὐ
1215 2214 1506 2277 προςέθηκε
1543 2214 1738 2276 κέρατα
1777 2212 2007 2279 καμήλῳ,

439 2299 574 2352 ἀλλὰ
611 2301 772 2364 μέρος
810 2300 894 2352 καὶ
932 2302 1040 2351 τῶν
1080 2299 1234 2351 ὤτων
1278 2296 1423 2367 <μιν>
1469 2298 1716 2363 ἀφείλετο
1761 2294 2061 2366 <πάμπαν>.

265 2401 468 2453 Πολλοὶ
507 2401 592 2452 διὰ
629 2400 935 2454 πλεονεξίαν
973 2403 1083 2451 τοῖς
1123 2398 1298 2451 ἄλλοις
1336 2402 1666 2463 φθονοῦντες
1703 2397 2016 2450 λανθάνουςι
2053 2396 2136 2448 καὶ

100 2491 210 2541 τῶν
247 2486 396 2540 ἰδίων
434 2487 782 2551 ςτερούμενοι.

268 2686 354 2730 281
400 2686 499 2730 Ρ85
531 2705 586 2724 =
618 2687 648 2732 G
680 2690 734 2729 30
779 2689 889 2742 Aug.
927 2691 1005 2729 112
1068 2689 1288 2731 Θύννος
1331 2688 1618 2739 διωκόμενος
1658 2687 1749 2730 ὑπὸ
1792 2688 2012 2741 δελφῖνος
2055 2688 2131 2730 καί

98 2744 295 2798 πολλῷ
336 2747 407 2798 τῷ
451 2743 629 2799 ῥοίζῳ
671 2745 936 2799 φερόμενος
968 2745 1126 2798 ἐπειδὴ
1160 2745 1621 2797 καταλαμβάνεςθαι
1663 2744 1925 2796 ἔμελλεν,
1966 2747 2133 2789 ἔλαθεν

100 2799 212 2842 ὑπὸ
245 2801 506 2855 ςφοδρᾶς
539 2803 730 2855 ῥύμης
762 2803 971 2846 ἑκπεςὼν
994 2802 1076 2845 εἴς
1099 2816 1230 2845 τινα
1264 2805 1462 2855 νῆςον·
1494 2803 1585 2845 ὑπὸ
1610 2802 1667 2844 δέ
1689 2805 1776 2855 τῆς
1797 2802 1961 2854 ὁμοίας
1984 2803 2136 2856 ῥύμης

100 2857 199 2900 καὶ
232 2857 257 2900 6
282 2857 488 2910 δελφὶν
521 2859 653 2914 αὐτῷ
677 2860 1024 2903 ςυνεξώκειλεν.
1057 2860 1082 2902 ὁ
1115 2861 1175 2903 δὲ
1208 2861 1422 2902 θύννος
1444 2860 1746 2914 ἐπιςτραφεὶς
1770 2861 1844 2902 καὶ
1868 2862 2139 2913 λειποψυ-

100 2917 330 2966 χοῦντα
362 2915 448 2957 τὸν
481 2915 683 2970 δελφῖνα
708 2917 934 2971 ἑωρακὼς
958 2917 1110 2960 εἶπεν·
1144 2917 1261 2959 ὀὐκ
1295 2917 1378 2960 ἔτι
1413 2931 1502 2970 μοι
1534 2918 1558 2959 6
1592 2917 1847 2959 θάνατος
1874 2918 2138 2971 λυπηρὸς

102 2971 331 3024 ὁρῶντι
370 2972 455 3015 τὸν
490 2972 641 3015 αἴτιον
671 2975 909 3027 γεγονότα
944 2988 1019 3025 μοι
1051 2974 1226 3016 τούτου
1261 2975 1361 3017 ςὺν
1394 2976 1517 3026 ἐμοὶ
1551 2973 2037 3026 ἀποθνήςκοντα’·
2072 2974 2140 3022 fc

102 3027 336 3071 Θύννος
381 3029 668 3080 διωκόμενος
708 3032 800 3074 ὑπὸ
845 3033 1068 3084 δελφῖνος
1109 3033 1184 3073 καὶ
1224 3034 1418 3086 πολλῷ
1460 3031 1629 3085 ῥοίζῳ
1678 3031 1940 3085 φερόμενος
1979 3032 2138 3084 ἐπειδὴ

99 3086 572 3153 καταλαμβάνεςθαι
605 3088 872 3140 ἔμελλεν,
915 3089 1082 3131 ἔλαθεν
1123 3089 1232 3131 ὑπὸ
1264 3092 1351 3142 τῆς
1385 3089 1634 3143 ςφοδρᾶς
1667 3089 1813 3142 ὁρμῆς
1846 3089 2137 3142 ἐκκρουςθείς

100 3153 190 3184 εις
221 3155 356 3185 τινα
388 3143 524 3196 ᾐόνα·
558 3146 649 3187 ὑπὸ
681 3149 765 3199 τῆς
797 3145 944 3196 αὐτῆς
968 3146 1026 3188 δὲ
1049 3149 1204 3199 φορᾶς
1236 3146 1549 3197 ἐλαυνόμενος
1581 3146 1673 3187 καὶ
1707 3146 1731 3187 6
1765 3146 1970 3198 δελφὶν
2003 3145 2135 3198 αὐτῷ

99 3199 382 3252 ςυνεξώςθη.
414 3203 490 3243 καὶ
522 3202 546 3243 6
568 3202 778 3245 θύννος
803 3204 877 3245 ὡς
901 3202 1129 3246 ἐθεάςατο
1153 3204 1452 3257 ἐπιςτραφείς
1476 3203 1624 3245 αὐτὸν
1647 3205 2139 3256 λειποψυχοῦντα,

99 3254 206 3308 ἔφη’
239 3254 353 3299 ’ἀλλ’
384 3256 540 3310 ἔμοιγε
572 3259 774 3302 οὐκέτι
807 3260 1067 3314 λυπηρὸς
1100 3260 1125 3301 6
1158 3260 1441 3303 θάνατος·
1482 3261 1578 3314 ὁρῶ
1611 3261 1700 3312 γὰρ
1734 3260 1941 3301 καὶτὸν
1974 3258 2127 3301 αἴτιόν

100 3325 187 3380 μου
219 3314 548 3415 τιί-ῦοθανάτου
581 3317 843 3368 γενόμενον
885 3316 1490 3370 ςυναποθνήςκοντα’.
1533 3320 1645 3371 Aug.
1691 3337 1746 3345 —
1797 3319 1918 3356 1-7
1957 3323 2056 3357 rest.
2089 3314 2120 3360 G

99 3383 227 3424 ep1m.

271 3442 364 3486 282
398 3443 523 3487 {²152
556 3449 598 3484 et
629 3447 708 3485 281
733 3444 763 3489 G
784 3446 961 3485 1971-4
982 3447 1092 3498 Aug.
1118 3448 1198 3486 116
1233 3438 1492 3498 Κάμηλός
1523 3445 1782 3497 θεαςαμένη
1815 3447 2027 3498 ταῦρον
2059 3445 2135 3487 ἐπὶ

98 3496 336 3551 κέραςιν
368 3498 765 3553 ἀγαλλόμενον
789 3501 1062 3555 φθονήςαςα
1092 3502 1224 3557 αὐτῷ
1258 3502 1542 3556 ἐβουλήθη
1575 3504 1664 3544 καὶ
1699 3502 1840 3554 αὐτὴ
1874 3505 1974 3544 τῶν
2004 3501 2145 3545 ’ίςων

98 3551 428 3607 ἑφικέςθαι.
452 3557 612 3612 διόπερ
634 3559 1085 3613 παραγενομένη
1119 3559 1264 3613 πρὸς
1296 3560 1401 3602 τὸν
1433 3558 1541 3601 Δία
1572 3561 1780 3601 τούτου
1804 3558 1975 3611 ἐδεήθη
2000 3559 2145 3602 ὅπωςΔ

97 3610 220 3665 αὐτῇ
267 3612 483 3667 κέρατα
523 3615 855 3671 προςνείμῃ.
906 3618 981 3658 καὶ
1004 3616 1030 3658 6
1063 3615 1208 3659 Ζεὺς
1240 3616 1642 3669 ἀγανακτήςας
1674 3616 1980 3668 κατάὐτῆς,
2021 3617 2136 3669 εἴγε

97 3668 175 3720 μὴ
205 3667 461 3723 ἀρκεῖται
484 3675 563 3725 τῷ
590 3673 819 3724 μεγέθει
841 3676 926 3715 τοῦ
950 3674 1215 3724 ςώματος
1236 3675 1313 3715 καὶ
1344 3677 1410 3727 τῇ
1445 3672 1613 3726 ἰςχύι,
1646 3673 1787 3716 ἀλλὰ
1818 3673 2138 3727 περιςςοτέ-

94 3737 221 3778 ρων
266 3729 613 3782 (περιςςότερον
655 3729 698 3780 F)
742 3728 1042 3782 ἐπιθυμεῖ,
1089 3730 1153 3772 οὐ
1194 3731 1373 3783 μόνον
1415 3732 1534 3784 αὐτῇ
1576 3731 1793 3785 κέρατα
1836 3731 1898 3773 οὐ
1938 3729 2133 3782 προςέ·

96 3783 299 3835 θηκεν,
339 3783 483 3827 ἀλλὰ
521 3786 615 3828 καὶ
660 3786 830 3841 μέρος
869 3800 913 3829 τι
950 3790 1063 3830 τῶν
1105 3789 1274 3830 ὤτων
1315 3785 1605 3840 ἀφείλετο.
1649 3789 1675 3832 f
1708 3791 1786 3829 281
1834 3787 1890 3833 cl
1933 3814 1990 3823 —
2030 3789 2136 3827 1-9

98 3844 200 3881 rest.
235 3838 266 3884 G
415 3845 543 3896 epim.
577 3842 647 3887 fc
