2332 4134
380 449 484 510 ἐγὼ
525 447 572 500 δ’
610 448 808 510 ἐκείνης
848 448 1008 500 οὐδὲν
1048 448 1105 499 ἐν
1145 448 1362 512 δρόμοις
1400 449 1608 512 ἥττων.’

381 532 538 598 ἄφνω
579 532 626 585 δ’
661 533 853 586 ἔπαυςε
891 535 987 586 τὸν
1027 534 1231 598 δρόμον
1269 535 1597 600 κατηφήςας·
2070 551 2095 589 5

380 617 512 671 ὄνου
550 619 651 683 γὰρ
692 620 848 672 εὐθὺς
885 621 1089 684 πατρὸς
1129 621 1205 672 ὢν
1244 619 1555 684 ἀνεμνήςθη.

211 717 270 772 ‘O
309 722 474 784 μῦθος
513 720 739 772 διδάςκει
785 721 918 785 ἡμᾶς
967 723 1032 785 μὴ
1073 721 1204 785 μέγα
1252 725 1473 786 φρονεῖν
1525 723 1582 773 ἐν
1629 726 1740 774 ταῖς
1789 723 2096 788 εὐημερίαις,

39 805 253 871 μάλιςτα
291 807 350 858 δὲ
387 807 514 857 τοὺς
553 807 606 860 ἐξ
645 805 850 868 ἀγενῶν
888 807 1176 871 προγόνων
1215 808 1347 859 κατὰ
1385 808 1546 871 τύχην
1586 809 1947 863 δοξαςθέντας.

377 1077 480 1131 Ἠν
518 1096 592 1131 τις
631 1080 742 1131 κατ’
781 1079 963 1132 οἴκους
1003 1079 1202 1144 ἀνδρὸς
1241 1081 1486 1145 εὐςεβοῦς
1525 1082 1669 1146 ἥρως
1714 1112 1717 1115 <

377 1165 518 1229 ἔχων
558 1167 614 1218 ἐν
653 1166 785 1234 αὐλῇ
823 1168 1055 1231 τέμενος.
1096 1167 1225 1219 ἔνθα
1265 1169 1329 1231 δὴ
1371 1168 1518 1219 Θόων

379 1253 589 1317 ςτέφων
627 1269 683 1304 τε
723 1254 934 1317 βωμοὺς
973 1255 1057 1305 καὶ
1097 1255 1438 1318 καταβρέχων
1478 1253 1606 1323 οἴνῳ

376 1337 687 1402 προςηύχετ’
726 1339 832 1391 ἀεί·
872 1334 1064 1403 (χαῖρε,
1104 1339 1314 1404 φίλταθ’
1353 1340 1565 1403 ἡρώων,

378 1425 462 1476 καὶ
500 1425 596 1476 τὸν
635 1426 875 1477 ςύνοικον
915 1425 1090 1487 ἀγαθὰ
1130 1428 1325 1490 δαψιλῆ
1368 1426 1540 1477 ποίει.’
2074 1444 2100 1482 5

379 1509 618 1563 κάκεῖνος
658 1511 802 1580 αὐτῷ
839 1512 1029 1563 νυκτὸς
1070 1512 1126 1562 ἐν
1165 1511 1336 1574 με’ςαις
1375 1509 1537 1574 ὥραις

375 1591 603 1659 (ἀγαθὸν
642 1593 751 1662 μέν’
791 1596 937 1650 εἶπεν
975 1593 1108 1649 (οὐδ’
1149 1597 1214 1653 ἂν
1258 1594 1394 1666 <εἶς>
1437 1615 1511 1649 τις
1550 1598 1746 1662 ἡρώων

378 1686 539 1737 οὐδὲν
577 1685 864 1748 παράςχοι·
904 1687 1071 1735 ταῦτα
1108 1685 1235 1736 τοὺς
1274 1685 1430 1736 θεοὺς
1470 1683 1622 1735 αἴτει·

379 1774 555 1823 κακῶν
594 1772 655 1823 δὲ
693 1770 912 1822 πάντων
950 1770 1104 1821 πᾶςίν
1145 1770 1294 1833 ἑςμεν
1334 1768 1636 1833 ἀνθρώποις

379 1861 602 1921 δοτῆρες
638 1857 798 1920 ἡμεῖς.
844 1857 1028 1919 τοιγὰρ
1070 1856 1114 1907 εἰ
1153 1859 1330 1908 κακῶν
1368 1857 1590 1923 χρῄζεις,
2050 1871 2102 1910 10

378 1943 567 2007 εὔχου·
607 1945 819 2007 παρέξω
859 1942 1047 2004 πολλά,
1087 1942 1186 1994 κᾶν
1223 1943 1282 1994 ἓν
1322 1941 1546 2010 αἰτήςῃς.

379 2030 516 2093 πρὸς
554 2033 721 2081 ταῦτα
759 2029 947 2081 λοιπὸν
987 2029 1164 2090 αὐτός,
1205 2026 1323 2089 οἶδ’,
1363 2027 1706 2092 ἀπαντήςεις.’

208 2130 325 2183 Ὅτι
361 2131 487 2183 τοὺς
523 2132 794 2194 πονηροὺς
833 2130 896 2182 οὐ
938 2133 1017 2182 δεῖ
1054 2130 1215 2182 αἰτεῖν
1255 2130 1450 2191 ἀγαθά·
1507 2129 1571 2181 οὐ
1624 2131 1725 2195 γὰρ
1775 2132 2085 2195 παρέξουςιν

38 2217 84 2271 εἰ
121 2219 182 2270 δὲ
218 2217 354 2270 κακά
392 2234 467 2269 τις
507 2216 749 2279 αἰτεῖται,
789 2217 1012 2281 ἑτοίμως
1050 2219 1249 2280 μᾶλλον
1287 2217 1584 2280 παρέχουςι,

379 2506 598 2569 Ἤριζον
637 2505 792 2568 ἐλάτη
833 2506 916 2557 καὶ
958 2504 1116 2569 βάτος
1154 2505 1290 2568 πρὸς
1330 2504 1571 2568 ἀλλήλας.

381 2593 567 2655 ἐλάτης
606 2591 653 2644 δ’
694 2592 886 2655 ἑαυτὴν
923 2594 1204 2654 πολλαχῶς
1245 2591 1556 2654 έπαινούςης

374 2672 523 2742 ίκαλὴ
563 2679 657 2741 μέν
696 2677 794 2742 εἰμι
831 2678 915 2729 καὶ
954 2678 1016 2729 τὸ
1057 2678 1249 2741 μέτρον
1288 2677 1514 2741 εὐμήκης

379 2764 463 2815 καὶ
501 2766 608 2815 τῶν
646 2766 826 2828 νεφῶν
865 2764 1104 2815 ςύνοικος
1145 2762 1296 2826 ὀρθίη
1337 2763 1460 2828 φύω

383 2851 531 2913 ςτέγη
571 2867 627 2901 τε
665 2849 944 2912 μελάθρων
983 2848 1082 2912 εἰμὶ
1120 2849 1204 2900 καὶ
1241 2848 1425 2912 τρόπις
1463 2849 1683 2910 πλοίων,
2074 2863 2099 2902 5

383 2937 622 3002 δένδρων
660 2936 932 2987 τοςούτων
973 2934 1358 2998 ἐκπρεπεςτάτη
1398 2926 1652 2996 πάντων,’

384 3023 545 3087 βάτος
582 3023 717 3085 πρὸς
756 3021 920 3085 αὐτὴν
959 3019 1131 3073 εἶπεν·
1170 3014 1254 3085 (ἣν
1293 3021 1454 3089 λάβῃς
1492 3021 1696 3085 μνήμην

381 3112 488 3160 τῶν
525 3108 788 3159 πελέκεων
824 3124 879 3158 τε
918 3110 1027 3158 τῶν
1066 3107 1146 3159 ἀεί
1188 3124 1240 3158 ςε
1280 3106 1608 3167 κοπτόντων,

380 3197 488 3245 τῶν
526 3194 764 3257 πριόνων
801 3211 857 3245 τε
900 3196 1002 3246 τῶν
1042 3192 1123 3245 ἀεί
1161 3210 1214 3244 ςε
1252 3192 1570 3256 τεμνόντων,

384 3280 543 3344 βάτος
580 3281 815 3341 γενέςθαι
854 3281 937 3331 καὶ
975 3281 1033 3331 ςὺ
1072 3282 1271 3344 μᾶλλον
1309 3278 1526 3346 αἱρήςῃ.’
2046 3291 2099 3330 10

214 3467 276 3511 63
307 3465 343 3510 Α
375 3467 469 3510 Ι-’80
492 3483 545 3502 =
571 3465 694 3509 0399
716 3483 767 3502 =
790 3466 904 3520 Aug.
925 3468 1005 3507 109
1038 3467 1165 3520 epim.
1197 3466 1443 3520 Georgidae
1475 3465 1631 3506 Gnom.
1654 3466 1676 3505 Ι
1705 3478 1747 3518 p.
1769 3466 1821 3505 31
1853 3482 1912 3493 -
1943 3466 1967 3505 7
1999 3463 2100 3506 οὐδ’

43 3522 102 3567 ἂν
134 3521 246 3580 (εἷς)
277 3536 347 3566 τις
378 3522 602 3576 Meineke]
636 3523 735 3565 οὐδ’
767 3524 826 3566 ἄν
857 3536 927 3566 τις
957 3523 993 3567 Α
1119 3525 1144 3563 8
1177 3523 1318 3565 οὐδὲν
1352 3521 1401 3576 G]
1436 3522 1537 3564 οὔτ’
1568 3522 1627 3564 ἂν
1658 3520 1693 3565 Α
1725 3520 1763 3563 ῶ
1794 3523 1886 3564 τᾶν
1917 3521 1968 3563 G.
1990 3523 2102 3562 Her-

42 3594 175 3622 mann
271 3583 296 3622 9
322 3579 460 3623 πᾶςίν
484 3581 619 3632 ἐςμεν
643 3579 694 3633 G]
729 3580 811 3623 ἅτε
844 3581 1052 3623 ςύνεςτιν
1074 3580 1109 3624 Α
1139 3580 1224 3632 ἄγε
1258 3580 1467 3623 ςύνεςτιν
1491 3580 1746 3620 Lachmann
1842 3577 1929 3634 [12]
1954 3579 2101 3633 Bergk

46 3639 99 3678 12
119 3638 284 3681 λοιπὸν
308 3638 470 3690 αὐτός,
503 3638 602 3687 οἶδ’,
625 3637 906 3691 ἀπαντήςεις
929 3637 981 3693 G]
1013 3637 1178 3679 λοιπὸν
1211 3637 1356 3679 αὐτὸς
1387 3637 1516 3679 οἶδας
1543 3636 1601 3679 ἂν
1634 3633 1719 3688 (οἷς
1741 3635 1924 3689 Seidler)
1955 3635 2100 3688 θύςης

46 3693 212 3747 (θύεεις
245 3696 430 3743 Seidler)
463 3695 498 3739 Α

216 3752 281 3796 64
312 3751 346 3796 Α
377 3753 477 3796 848
510 3753 633 3795 Ι-“·268
656 3769 707 3788 =
732 3750 856 3797 (2180
885 3774 944 3784 —
978 3755 1004 3793 8
1035 3765 1087 3795 τε
1119 3753 1219 3793 add.
1242 3752 1341 3807 Fix]
1375 3766 1457 3793 om.
1480 3751 1515 3795 Α
1616 3753 1642 3791 9
1673 3753 1774 3794 τῶν
1802 3750 2016 3806 πριόνων
2046 3762 2099 3793 τε

43 3806 146 3861 Fix]
178 3809 255 3851 καὶ
285 3813 384 3852 τῶν
414 3809 628 3863 πριόνων
660 3810 693 3853 Β
719 3809 750 3855 G
780 3811 857 3852 καὶ
888 3813 988 3853 τῶν
1020 3808 1239 3852 πελύκων
1272 3808 1307 3852 Α

214 3879 334 3913 Babrii
356 3879 510 3914 fabulae.
1727 3883 1752 3921 3
