2332 4134
958 268 1315 320 -39.-

450 413 628 481 χρόνῳ
669 413 715 464 δ’
753 413 950 464 ἐκεῖνος
990 412 1047 463 ἐκ
1084 410 1259 463 νόςων
1298 410 1603 474 ἀναςφήλας

450 501 716 563 προῆλθεν
757 497 948 561 ὠχρός,
987 500 1097 548 τοῖς
1135 497 1287 548 ποςὶν
1325 496 1471 559 μόλις
1512 496 1724 560 βαίνων.
2115 507 2166 546 10

453 584 483 637 ὁ
523 583 571 637 δ’
610 583 790 648 ἰατρὸς
830 583 973 652 αὐτῷ
1011 572 1190 647 (χαῖρ”
1236 582 1338 647 ἔφη
1379 582 1697 645 ςυναντήςας

448 669 533 722 καί
572 668 701 721 ‘misc
739 669 945 732 ἕχουςιν
985 668 1036 720 οἱ
1075 667 1262 731 κάτω;’
1301 669 1546 731 διηρώτα.

447 756 686 807 κάκεῖνος
724 754 894 807 εἶπεν·
931 747 1198 819 ζῆρεμοῡςι
1235 757 1327 818 τῆς
1367 754 1541 818 Λήθης

446 841 702 893 πίνοντες.
742 840 773 904 ἡ
815 840 951 904 Κόρη
994 842 1054 892 δὲ
1093 839 1170 903 χὼ
1209 841 1368 904 μέγας
1404 840 1669 892 Πλούτων

446 928 634 994 πρῴην
673 926 871 989 ἰατροῖς
910 926 1056 978 δεινὰ
1094 928 1246 977 πᾶςιν
1284 925 1553 989 ἠπείλουν,
2043 985 2045 987 v
2115 937 2164 976 15

448 1011 529 1064 ὅτι
565 1012 692 1063 τοὺς
730 1015 1019 1063 νοςοῦντας
1059 1010 1157 1062 οὐκ
1195 1010 1312 1062 ἐῶς’
1351 1010 1716 1075 ἀποθνήςκειν.

446 1096 756 1163 ἀνέγραφον
796 1099 856 1149 δὲ
893 1098 1112 1158 πάντας,
1151 1097 1208 1148 έν
1248 1098 1307 1148 δὲ
1346 1100 1455 1149 τοῖς
1494 1098 1724 1160 πρώτοις

447 1184 532 1235 καὶ
571 1185 626 1235 ςὲ
663 1183 890 1248 γράφειν
928 1182 1172 1248 ἔμελλον·
1214 1181 1326 1234 ἀλλ’
1365 1183 1467 1245 ἐγὼ
1509 1183 1680 1236 δείςας

443 1269 600 1321 εὐθὺς
637 1273 940 1333 προςῆλθον
979 1269 1197 1334 ἡψάμην
1236 1287 1292 1321 τε
1330 1272 1437 1321 τῶν
1477 1270 1755 1333 ςκήπτρων

442 1355 711 1420 κάπώμος’
750 1355 930 1407 αὐτοῖς
969 1354 1049 1408 ὅτι
1089 1357 1146 1407 ςὺ
1186 1359 1298 1408 ταῖς
1338 1355 1602 1419 ἀληθείαις
2108 1367 2163 1406 ‘20

445 1441 626 1506 ἰατρὸς
665 1441 763 1494 οὐκ
801 1440 849 1493 εἶ
886 1442 969 1493 καὶ
1007 1441 1176 1506 μάτην
1215 1439 1522 1506 διεβλήθηςῖ

273 1540 332 1594 ‘O
371 1545 536 1606 μῦθος
575 1541 734 1594 οὗτος
773 1541 1050 1607 ῥηθήςεται
1096 1543 1232 1606 πρὸς
1282 1543 1407 1594 τοὺς
1452 1541 1608 1594 κενὸν
1657 1540 1827 1605 ὄνομα
1877 1540 1960 1592 ἐπὶ
1999 1539 2163 1604 πράγ-

101 1628 219 1693 ματί
257 1645 354 1681 τινι
384 1629 746 1693 κεκτημένους,
785 1630 880 1693 τὴν
920 1631 980 1681 δὲ
1018 1629 1214 1680 τούτου
1255 1631 1441 1692 πεῖραν
1480 1630 1751 1680 παντελῶς
1791 1628 1889 1679 οὐκ
1927 1626 2162 1690 ἔχοντας.

1095 1829 1176 1885 76

440 1941 639 1996 Ἱππεὺς
678 1944 774 1996 τὸν
810 1943 992 2006 ἵππον,
1035 1943 1153 2008 ἄχρι
1192 1945 1286 2007 μὲν
1325 1944 1634 2006 ςυνειςτήκει

444 2029 474 2080 ὁ
515 2028 774 2092 πόλεμος,
816 2030 1039 2093 έκρίθιζε
1079 2028 1343 2094 κᾶτρεφεν
1383 2029 1560 2097 χόρτῳ

441 2115 780 2179 παραςτάτην
817 2119 1061 2178 γενναῖον
1101 2117 1158 2167 ἐν
1196 2115 1382 2180 μάχαις
1421 2115 1645 2179 κρίνων·

443 2201 554 2253 ἐπεὶ
593 2201 640 2253 δ’
681 2201 942 2263 έπαύςατ’,
980 2200 1046 2265 ῆν
1085 2203 1144 2255 δὲ
1184 2203 1372 2254 λοιπὸν
1411 2201 1589 2265 εἰρήνη

441 2288 524 2339 καὶ
562 2288 744 2351 μιςθὸν
781 2287 969 2340 ἱππεὺς
1009 2286 1180 2340 οὐκέτ’
1220 2286 1359 2351 εἶχεν
1399 2288 1455 2339 ἐκ
1495 2287 1681 2350 δήμου,
2133 2298 2157 2336 5

439 2373 549 2424 τότ’
590 2374 788 2426 ε’κεῑνος
825 2373 987 2426 ἵππος
1027 2374 1274 2426 πολλάκις
1311 2376 1406 2438 μὲν
1446 2374 1499 2427 ἐξ
1537 2374 1663 2437 ὕλης

438 2461 669 2524 κορμοὺς
707 2463 890 2524 παχεῖς
930 2464 1152 2525 κατῆγεν
1192 2460 1264 2512 εἰς
1302 2460 1457 2512 πόλιν
1496 2460 1692 2524 βαίνων

439 2551 600 2616 μιςθῷ
638 2563 695 2599 τε
734 2547 945 2611 φόρτον
984 2547 1177 2612 ἔφερεν
1218 2546 1395 2599 ἄλλοτ’
1434 2546 1651 2598 ἀλλοῖον

442 2633 503 2684 τὸ
543 2635 747 2697 πνεῦμα
787 2632 974 2686 ςώζων
1012 2632 1092 2685 ἐπ’
1131 2632 1366 2696 ἀχύροιςι
1405 2632 1677 2695 δυςτήνοις

437 2719 599 2781 ςάγην
636 2735 692 2771 τε
730 2719 920 2771 νώτοις
960 2720 1152 2783 ἔφερεν
1192 2718 1367 2771 οὐκέθ’
1403 2718 1658 2770 ἱππεύων.
2107 2728 2157 2766 10

438 2803 510 2856 ὡς
549 2803 596 2856 δ’
635 2804 701 2856 αὖ
741 2806 848 2869 πρὸ
887 2809 1074 2869 τειχῶν
1113 2805 1346 2869 πόλεμος
1386 2803 1544 2857 ἄλλος
1583 2803 1812 2867 ήκούςθη

437 2889 650 2951 ςὰλπιγξ
688 2890 732 2941 τ’
773 2891 968 2956 ἐφώνει
1006 2895 1160 2944 πᾶςιν
1198 2890 1390 2943 ἀςπίδα
1428 2891 1634 2954 ςμήχειν

435 2974 632 3027 ἵππους
670 2993 726 3028 τε
766 2980 973 3040 κοςμεῑν
1012 2979 1096 3029 καὶ
1135 2979 1348 3041 ςίδηρον
1389 2976 1608 3037 ὀξύνειν,

439 3059 676 3113 κάκεῖνος
716 3061 877 3114 αὐτὸς
915 3062 1080 3115 ἵππον
1121 3062 1472 3126 ἐγχαλινώςας

438 3146 468 3198 ὁ
510 3147 767 3210 δεςπότης
804 3152 1041 3212 παρῆγεν
1080 3149 1152 3201 ὡς
1193 3149 1546 3214 έφιππεύςων.
2105 3158 2154 3195 15

269 3363 320 3401 10
350 3360 457 3402 ποςί
484 3372 547 3412 pr.
574 3361 610 3405 Α
699 3365 751 3402 12
782 3360 859 3405 καί
890 3363 1006 3406 ‘mim
1038 3363 1219 3416 έχουςιν
1251 3361 1295 3406 οἱ
1327 3363 1506 3412 κάτω;’
1539 3363 1752 3418 διηρώτα
1781 3359 1830 3415 G]
1866 3360 2029 3417 (χαῖρ’)
2062 3361 2154 3414 ἔφη

91 3416 208 3460 ‘misc
241 3418 423 3470 ἔχουςιν
457 3414 499 3460 οἱ
532 3418 702 3470 ved-rw?
734 3421 766 3464 Β
798 3421 875 3462 καὶ
906 3423 1008 3463 πῶς
1040 3421 1222 3473 ἔχουςιν
1259 3419 1303 3463 οἱ
1334 3421 1466 3464 κάτω
1500 3421 1714 3475 διηρώτα
1736 3419 1771 3464 Α
1883 3422 1935 3459 14
1965 3418 2155 3462 πιόντες

36 3492 39 3495 ’
94 3474 128 3518 Β
158 3475 370 3516 Duebner
402 3476 431 3519 Ι.
584 3479 636 3518 16
667 3480 814 3531 recepi
847 3491 899 3519 ex
931 3478 964 3522 Β
997 3477 1186 3533 (emman
1221 3477 1295 3520 ἐπὶ
1327 3481 1397 3534 τῷ
1430 3478 1710 3532 θεραπεύειν
1750 3477 1862 3519 τοὺς
1894 3478 2154 3519 νοςοῦντας

99 3529 382 3586 ἀνθρώπους
413 3532 447 3576 Α
568 3536 693 3587 epim.
727 3534 941 3587 ἑχόντων
972 3535 1006 3579 Α
2149 3539 2151 3543 ’

265 3603 326 3646 76
357 3606 392 3647 Α
425 3604 523 3647 857
555 3621 608 3640 =
642 3603 767 3649 (2362
811 3625 870 3634 —
915 3609 939 3647 2
970 3606 1178 3661 κᾶτρεφε
1210 3606 1245 3651 Α
1373 3610 1398 3647 9
1432 3606 1678 3659 δυςτήνοις
1710 3605 1744 3649 Α
1777 3604 1958 3660 (ἀχύρῳ
1994 3604 2153 3657 μόνῳ

94 3659 390 3770 ἶέξὲιῇἵῗὲε
422 3659 784 3771 3ζέδὲξῶἳέἵὲ
806 3664 1128 3774 ῗῖῂὲἔέῗὲὖῗῐλ
1233 3666 1302 3761 ¹1⁰4
1318 3664 1479 3764 ⁶505<
1512 3661 1856 3772 33³5&AE
1882 3661 2154 3762 Ἥῖῗῧῧέαὲ

95 3771 121 3814 ὁ
153 3772 382 3828 δεςπότης
414 3775 490 3816 καὶ
526 3775 707 3818 αὐτὸς
740 3776 968 3820 ὁπλιςθεὶς
1000 3777 1142 3830 ἐπέβη
1178 3776 1249 3831 8)]
1284 3778 1434 3820 αὐτὸν
1466 3778 1500 3822 Α
1534 3777 1592 3819 αὖ
1625 3777 1712 3820 τὸν
1747 3778 1802 3822 L*
1887 3733 1915 3774 χ
