2340 4004
771 153 1214 238 *-<.>9-

35 356 38 358 v
169 315 338 381 {aiter
369 331 701 379 exordiuntur
740 333 800 376 ab
839 321 905 393 ἦν
944 312 1196 393 (εἱστήκει)
1237 332 1316 377 vel
1356 324 1585 394 εἰχεν·5,
1638 333 1662 378 1
1717 326 2111 397 ἀλεκτορίσκωνΑ

19 406 37 416 ⁴²
84 400 245 558 ἐταχη
290 413 630 480 Ταναγραίων.
674 417 718 472 7,
777 418 803 462 1
859 411 1133 480 ἅνθρωπος
1181 413 1338 463 ι’ππον
1389 409 1527 478 εἶχεν
1570 418 1717 474 24,1
1759 412 1910 481 γάμοι
1948 409 2076 481 ἦσαν
2148 414 2150 416 ’

198 540 209 551 .
260 501 413 559 33,1
455 497 639 562 δυσμαὶ
677 497 1249 599 ἡσαν,Πλειαδων.42,
1291 503 1316 546 1
1361 496 1565 547 δεῖπνόν
1602 518 1676 558 τις
1702 495 1842 565 εἶχεν.
1870 505 1952 562 47,
1978 507 2022 551 1.
2046 506 2075 550 2

70 608 109 622 ·-ι
101 589 222 644 τοῖς
250 587 488 642 παλαιοῖς
525 575 589 647 ἦν
628 580 754 649 ἀνὴρ
793 581 1098 651 ὗπεργήρως,
1148 578 1274 648 εἶχεν
1325 580 1377 630 δὲ
1427 580 1640 643 πολλοὺς
1687 585 1884 644 παῖδας.
1923 590 2006 646 48,
2049 592 2072 635 1

88 665 239 738 ὁδῷ
294 687 369 728 τις
419 665 605 734 Ερμῆς
650 667 956 735 τετράγωνος
1009 666 1234 732 εἱστήκει.
1308 670 1439 715 Prae
1490 673 1665 716 ceteris
1717 674 1882 719 verbis
1922 676 2075 719 verbo

13 807 15 809 ,
63 773 161 821 ῥιν
197 773 346 818 saepe
386 757 597 803 Babrius
639 773 757 802 usus
798 765 885 815 est,
935 756 1199 817 aliquoties
1251 756 1311 800 ad
1367 757 1519 800 verba
1568 756 1813 816 simplicia
1867 759 2072 805 eircum-

58 843 301 903 jbendn.
393 837 597 906 εἰρήνην
648 839 776 904 ἔχειν
826 842 881 888 R.
926 843 1038 900 102,
1079 843 1124 888 9.
1182 841 1239 887 of.
1282 840 1498 901 Philipp.
1548 841 1772 903 Thessal.
1822 843 1868 888 in
1922 844 2078 889 Anth.

19 952 91 970 ⁷
119 927 235 986 382,
273 927 320 975 4.
393 927 524 974 Xen.
566 929 662 972 An.
701 927 768 980 ΙΙ,
811 927 855 984 6,
898 927 941 985 6,
979 929 1065 972 ubi
1105 926 1378 988 opponitur
1416 927 1664 986 πολεμεῖν.
1704 921 1921 988 πόλεμον
1950 925 2078 990 ἔχειν

32 1018 88 1060 ’.
129 1013 212 1070 31,
253 1015 300 1060 1.
342 1014 388 1059 2.
462 1007 651 1074 μισθὸν
708 1009 835 1074 ἔχειν
892 1008 945 1057 ἐκ
998 1008 1158 1074 δήμου
1215 1013 1302 1070 76,
1349 1011 1394 1057 5.
1472 1007 1666 1073 ἔλεγχον
1723 1008 1851 1074 ἔχειν
1908 1010 2080 1072 (τινός)
2144 1005 2148 1008 ”

39 1079 53 1115 ‘⁵
82 1135 115 1158 „,
163 1099 211 1145 4.
253 1098 312 1146 ef.
370 1099 491 1144 Her.
531 1099 600 1154 11,
650 1098 728 1143 23.
769 1098 927 1142 Thac.
969 1098 1061 1155 ΠΙ,
1122 1097 1204 1151 53,
1263 1099 1308 1142 2.
1347 1096 1545 1142 Heliod.
1609 1097 1652 1154 7,
1694 1097 1738 1142 2.
1788 1094 2078 1160 ,συνθήκην

15 1167 161 1254 ι,ειν
198 1184 348 1231 Babr.
409 1183 593 1240 33,16
654 1199 743 1242 pro
804 1180 1155 1239 συντίθεσθαι,
1213 1197 1311 1240 quo
1373 1183 1524 1225 verbo
1583 1181 1794 1228 Babrius
1850 1200 1965 1230 usus
2006 1193 2079 1231 est
2170 1240 2176 1246 .

155 1269 199 1316 6.
238 1263 412 1316 κοινὸν
467 1266 706 1314 τίθεσθαι
768 1269 885 1324 108,
940 1268 969 1314 3
1027 1284 1119 1327 pro
1177 1267 1567 1312 κοινωνοῦσθαι.
1624 1266 1682 1313 ef.
1742 1283 1870 1326 quae
1927 1284 2080 1329 supra

35 1350 288 1416 fsputavi
327 1355 386 1400 de
425 1354 678 1400 lovinione
719 1347 923 1414 μνήμην
962 1352 1131 1414 λαβεῖν
1169 1369 1315 1408 τινος.
1345 1377 1411 1382 ——
1440 1351 1579 1395 Haec
1607 1351 1772 1396 omnia
1799 1353 2076 1412 pedestrem

23 1418 199 1500 -..mgib
220 1455 370 1500 quam
393 1441 639 1500 poeticum
663 1455 804 1485 usum
827 1439 1062 1497 loquendi
1084 1439 1304 1482 redolent
1326 1454 1336 1481 :
1361 1442 1509 1496 poeta
1530 1437 1782 1496 digniores
1803 1437 2080 1485 locutiones

15 1531 182 1581 -Auntz
221 1518 351 1587 ἔχειν
388 1519 562 1587 ’ἴμερόν
602 1540 736 1579 τινος
774 1523 923 1568 Babr.
965 1524 1042 1579 72,
1083 1524 1130 1580 4,
1157 1539 1304 1582 qnam
1341 1537 1493 1581 supra
1520 1536 1628 1567 cum
1656 1523 1767 1568 loeo
1799 1523 2081 1583 Sophocleo

43 1600 116 1667 fl.
146 1598 259 1656 ‘542
299 1610 517 1666 contuli,
556 1608 702 1655 Babr.
744 1607 825 1666 25,
867 1610 892 1653 1
934 1597 1106 1671 γνώμῆ
1127 1602 1349 1672 λαγωοὺς
1388 1599 1482 1669 εἶχε
1520 1603 1692 1668 μηκέτι
1733 1602 1888 1672 ζῴειν.
1931 1608 2014 1665 36,
2053 1610 2082 1655 6

76 1688 245 1756 α’μβος
297 1688 391 1756 τὴν
449 1691 571 1758 δρῦν
628 1687 740 1756 εἶχε,
796 1693 853 1739 ef.
911 1693 1060 1738 Hom.
1114 1695 1171 1738 ΙΙ.
1211 1695 1256 1738 Δ
1297 1694 1375 1739 79.
1437 1693 1659 1754 Interpp.
1716 1693 1778 1737 ad
1828 1693 1986 1753 Long.
2037 1711 2082 1754 p.

74 1779 318 1841 Oba-306
362 1779 478 1826 Seil.
521 1780 668 1826 Babr.
710 1778 791 1837 95,
830 1779 895 1824 46
938 1772 1064 1840 ὁμοῦ
1121 1773 1213 1842 γὰρ
1268 1773 1419 1824 αὐτὸν
1469 1772 1609 1839 λιμὸς
1660 1769 1754 1839 εἶχε
1805 1775 1888 1824 καὶ
1936 1773 2083 1840 λύπη,

35 1862 97 1911 ef.
138 1865 322 1912 Aesch.
365 1862 453 1912 Ch.
496 1864 594 1912 756
635 1863 678 1911 εἰ
716 1859 856 1926 λιμὸς
894 1859 926 1925 ἤ
966 1861 1093 1925 δίψη
1132 1880 1206 1920 τις
1243 1858 1273 1925 ἢ
1314 1861 1555 1926 λιψουρία
1595 1859 1691 1925 ἔχει
1730 1862 1940 1921 (παῖδα).
2092 1850 2096 1851 ⁷

10 1966 44 1992 r·
84 2003 86 2007 ,
185 1948 364 1996 Oratio
403 1952 571 1997 brevis
611 1957 660 1996 et
695 1952 910 2012 simplex
964 1966 1051 1996 nas
1032 1951 1186 1995 scitur
1238 1966 1300 1996 ex
1341 1950 1608 2011 asyndetis,
1648 1951 1828 2009 quibus
1868 1949 2082 1994 Babrius

4 1995 140 2088 ξεί
129 2036 176 2081 in
231 2036 439 2096 singulis
480 2037 648 2083 verbis
688 2045 736 2083 et
774 2039 822 2082 in
863 2037 1120 2084 sententiis
1159 2052 1277 2081 usus
1317 2043 1390 2081 est
1431 2031 1588 2095 (quod
1628 2052 1782 2096 genus
1822 2036 1884 2080 ad
1921 2035 2094 2079 brevi--

6 2078 195 2183 {tatem
234 2122 660 2168 accommodatum
700 2130 791 2179 est,
834 2123 985 2168 Auct.
1025 2122 1087 2167 ad
1125 2121 1245 2165 Her.
1286 2121 1334 2178 4,
1374 2120 1477 2184 30).
1517 2121 1664 2166 Babr.
1705 2122 1787 2178 47,
1812 2120 1855 2166 5.
1897 2120 2081 2178 95,10.

5 2194 246 2276 533,15.
305 2207 386 2252 21.
429 2208 507 2265 72,
566 2208 596 2253 9
637 2205 760 2254 ε’σειε
794 2202 1037 2270 ταρσούς,
1077 2202 1288 2261 ε’κτένιζε
1344 2199 1431 2264 τὰς
1486 2205 1668 2269 χαίτας.
1728 2206 1808 2263 50,
1850 2206 1892 2250 7.
1933 2204 2015 2262 85,
2053 2205 2086 2249 4

0 2267 254 2366 diaeum),
291 2287 580 2355 ἐβράδυνεν.
622 2294 738 2350 108,
780 2293 858 2338 14.
898 2293 981 2350 83,
1005 2293 1034 2339 3
1075 2287 1281 2354 ε’τριβεν,
1322 2287 1579 2348 ε’κτένιζεν.
1619 2292 1700 2350 10,
1739 2291 1768 2337 8
1810 2287 1961 2336 ε’θυεν
1999 2284 2087 2350 ηὔ-

14 2372 147 2440 ·χεθ’
189 2372 404 2423 ἱκέτευεν
458 2373 639 2441 ἠρωτα,
695 2377 753 2424 cf.
809 2377 965 2438 Soph.
1021 2378 1098 2422 El.
1158 2377 1294 2422 1380
1352 2375 1472 2423 αἰτῶ
1527 2375 1782 2440 προπίτνω
1840 2373 2085 2435 λίσσομαι.

0 2461 227 2525 &Synes-
264 2478 342 2524 ep.
381 2463 450 2509 44
487 2480 535 2525 p.
580 2464 694 2522 182,
733 2465 761 2507 b
803 2458 1014 2524 δεήθητι
1052 2458 1412 2509 καθικέτευσον
1452 2458 1798 2525 ἄντιβόλησον.

0 2494 23 2599 ξ
193 2545 416 2595 Circuitu
476 2550 740 2594 verborum
802 2548 1016 2608 plurium
1072 2548 1352 2593 enuntiavit
1399 2548 1611 2594 Babrins
1668 2548 1751 2606 40,
1793 2548 1820 2592 1
1862 2539 1978 2602 ὀξὺς
2017 2538 2087 2591 ὢν

0 2603 232 2704 ξρείθρῳ
272 2649 366 2695 pro
406 2626 494 2689 ὀξὺ
531 2628 671 2695 ῥέων·
712 2640 760 2679 et
801 2634 880 2691 72,
921 2634 950 2679 5
990 2629 1141 2696 πέτρη
1193 2629 1297 2696 αἰγὶ
1348 2628 1589 2695 δύςβατος
1637 2648 1730 2693 pro
1781 2628 1989 2695 αἰγίλιψ·
2029 2630 2087 2678 cf.

0 2710 193 2777 ξΗοηι.
231 2719 288 2765 11.
330 2718 371 2776 I,
423 2719 504 2764 14.
557 2720 639 2777 15,
686 2719 772 2764 ubi
827 2719 1022 2766 Schol.:
1073 2716 1334 2782 αἰγίλιπος·
1381 2713 1597 2780 ὑψηλῆς·
1646 2713 1709 2779 ἣν
1760 2710 1822 2762 ἰὶν
1871 2712 1959 2762 καὶ
2005 2714 2089 2773 αἲξ

0 2782 18 2871 {j
34 2800 266 2870 ἀπολίπῃ
307 2797 390 2848 διὰ
430 2797 484 2849 τὸ
524 2798 651 2867 ἄγαν
687 2797 891 2865 ὑψηλὸν
928 2800 1012 2850 καὶ
1054 2799 1312 2865 δύςβατον.
1392 2804 1474 2850 Sic
1513 2803 1659 2849 etiam
1700 2803 1798 2848 alia
1828 2803 2088 2848 verbosius

0 2874 198 2953 ³ffquam
236 2890 454 2947 brevius,
493 2904 602 2935 eum
642 2891 783 2951 epiea
823 2890 1038 2948 quadam
1076 2893 1318 2946 ubertate,
1357 2889 1580 2935 elocutus
1620 2895 1720 2934 est:
1764 2888 1843 2944 64,
1885 2887 1914 2932 8
1954 2894 2002 2931 et
2043 2888 2086 2932 9.

0 2975 167 3050 1,20,
225 2975 252 3020 1
312 2980 361 3019 et
419 2975 464 3021 2.
553 2976 757 3035 88,15
816 2982 864 3020 et
924 2975 1314 3031 16.12,15
1371 2972 1418 3020 τί
1474 2986 1527 3019 σε
1584 2971 1798 3036 δροσίζει
1855 2967 2089 3028 νυκτὸς

0 3016 312 3122 ξέννυχος
349 3057 520 3122 στίβη,
559 3062 642 3118 32,
682 3061 725 3107 3.
765 3061 797 3106 4
837 3054 1006 3122 μορφὴ
1045 3057 1383 3123 γυναικείη
1423 3061 1577 3120 καλῆς
1617 3053 1944 3121 γυναικός.

0 3110 8 3195 ,Ξ
195 3145 372 3191 Verbis
429 3145 622 3191 dicendi
678 3145 866 3190 addidit
924 3146 1129 3191 voculas
1184 3147 1355 3202 ταῦτα,
1411 3139 1594 3201 τοιάδε,
1651 3138 1822 3199 οὕτως·
1885 3144 1966 3201 95,
2007 3144 2087 3191 60.

0 3211 134 3297 284,
174 3229 341 3288 2.43,
383 3231 461 3276 13.
502 3231 585 3287 37,
624 3230 668 3275 9.
710 3231 792 3288 56,
834 3232 877 3276 6.
926 3229 1039 3289 115,
1078 3230 1123 3275 4.
1166 3232 1283 3286 122,
1324 3230 1367 3274 3.
1410 3225 1648 3290 φωνήσας
1687 3229 1874 3274 addidit
1908 3244 2089 3275 exusu

49 3313 319 3360 Homerico
362 3315 442 3373 37,
481 3315 526 3361 9.
567 3316 681 3373 124,
724 3316 802 3362 13.
851 3317 907 3360 ef.
948 3317 1027 3373 33,
1083 3316 1162 3361 10.
1241 3316 1371 3360 Mira
1424 3323 1472 3359 et
1523 3330 1676 3374 paene
1716 3328 2089 3372 supervacanea

0 3388 315 3468 ,verborum
374 3400 519 3460 copia
575 3401 827 3446 invenitur
884 3402 963 3458 52,
1022 3402 1065 3447 3.
1123 3401 1155 3446 4
1208 3402 1268 3465 τῇ
1321 3395 1359 3444 δ’
1412 3393 1569 3454 οὕτως
1608 3394 1753 3462 ἐγγὺς
1799 3391 2087 3460 προςελθών

0 3523 1 3527 ¹
51 3478 190 3538 εἶπεν
227 3480 292 3543 ὥς
331 3481 662 3546 ἀκουσθῆναι.
738 3485 950 3532 Babrins
1003 3486 1168 3531 omisit
1223 3501 1422 3545 quoque
1473 3486 1624 3529 verba
1662 3482 1854 3529 dicendi
1892 3483 1940 3528 in
1980 3498 2089 3528 ora—

0 3563 12 3610 ἷ
53 3571 198 3621 tione
236 3570 533 3630 incitatiore,
573 3571 653 3616 vel
691 3571 907 3616 orationi
946 3571 1269 3632 interposuit:
1320 3571 1402 3629 47,
1442 3571 1470 3616 6
1510 3584 1618 3629 sqq.
1659 3568 1738 3628 50,
1779 3567 1825 3615 5.
1866 3568 2088 3619 15—17.
