2332 4134
1102 298 1448 350 „66—

599 441 699 498 ‘nost
737 437 864 496 πῶς’
903 442 1115 504 ἀλώπηξ
1153 439 1296 492 εἶπεν
1330 433 1510 490 εἄλλον
1547 439 1674 506 ἰήςῃ,

602 530 661 582 ὃς
700 530 890 581 ςαυτόν
928 527 1069 579 οὕτω
1108 525 1317 589 χλωρὸν
1357 523 1485 575 ὄντα
1521 524 1587 587 μὴ
1627 521 1847 591 ςῴζεις;”

598 920 777 982 Ὄρνις
814 916 930 969 ποτ’
968 917 1222 980 ἠςθένηςε.
1262 919 1323 982 τῇ
1364 916 1424 967 δὲ
1460 915 1766 979 προςκύψας

605 1003 850 1067 αἴλουρος
887 1001 998 1054 εἶπε
1037 999 1165 1053 <πῶς
1202 1001 1359 1064 έχεις;
1398 1000 1557 1053 τίνων
1594 1002 1821 1067 χρῄζεις;

603 1090 704 1151 ἐγὼ
745 1089 953 1151 παρέξω
993 1087 1164 1139 πάντα
1202 1090 1299 1138 ςοι·
1340 1086 1506 1150 μόνον
1544 1084 1748 1152 ςῲζου.’

600 1175 631 1238 ἡ
671 1173 719 1226 δ’
756 1174 846 1226 εἂν
885 1172 1136 1241 ἀπέλθῃς’
1174 1171 1332 1234 εἶπεν,
1373 1171 1489 1224 εοὐκ
1527 1169 1876 1236 ἀποθνήςκω.’
2303 1175 2308 1194 ”

432 1268 580 1332 Πρὸς
605 1267 729 1319 τοὺς
754 1269 959 1333 πονηρᾷ
999 1266 1218 1318 διαθέςει
1255 1265 1577 1329 χρηστότητα
1608 1263 2054 1329 ἐπιδεικνυμένους
2082 1261 2113 1316 ὁ
2140 1262 2297 1326 λόγος

267 1355 515 1419 εὔκαιρος.
2304 1387 2306 1389 -

1215 1464 1332 1522 122

600 1568 760 1619 Ὄνος
798 1566 1027 1629 πατήςας
1065 1565 1295 1617 ςκόλοπα
1334 1565 1507 1628 χωλὸς
1545 1564 1782 1628 εἰςτήκει·

602 1653 760 1705 λύκον
798 1651 843 1704 δ’
883 1651 1011 1703 ἰδὼν
1047 1651 1286 1714 παρόντα
1324 1651 1407 1703 καὶ
1446 1653 1585 1715 ςαφῆ
1625 1650 1796 1702 δείςας

605 1737 827 1801 ὄλεθρον
865 1736 1036 1788 οὕτως
1074 1734 1246 1787 εἶπεν·
1285 1730 1346 1786 εὧ
1386 1736 1522 1797 λύκε,
1561 1735 1764 1798 θνήςκω

603 1823 771 1886 μέλλω
810 1819 855 1872 τ’
893 1822 1170 1873 ἀποπνεῖν·
1212 1821 1289 1872 ςοὶ
1327 1822 1386 1872 δὲ
1425 1821 1695 1884 ςυμβαλὼν
1733 1820 1916 1884 χαίρω.
1961 1835 1964 1838 ’

604 1908 661 1959 ςὺ
698 1909 893 1971 μᾶλλον
932 1908 963 1970 ἢ
1003 1906 1110 1970 γὺψ
1148 1907 1178 1969 ἢ
1220 1905 1385 1969 κόραξ
1421 1923 1483 1970 με
1521 1906 1816 1969 δειπνήςεις.
2269 1919 2295 1959 5

601 1992 751 2056 χάριν
789 1993 847 2044 δέ
887 2009 972 2055 μοι
1010 1991 1104 2043 δὸς
1143 1990 1341 2056 ἀβλαβῆ
1380 2008 1435 2043 τε
1473 1992 1556 2043 καὶ
1593 1991 1816 2056 κούφην,

601 2078 656 2130 ἐκ
693 2081 787 2130 τοῦ
826 2077 994 2130 ποδός
1032 2094 1131 2140 μου
1169 2077 1263 2139 τὴν
1303 2075 1534 2128 ἄκανθαν
1572 2076 1819 2140 εἰρύςςας,

604 2162 675 2214 ὥς
713 2179 811 2225 μου
851 2163 1070 2230 κατέλθῃ
1109 2160 1291 2224 πνεῦμ’
1330 2161 1550 2223 ἀναλγὲς
1588 2162 1659 2214 εἰς
1698 2160 1864 2229 ᾅδου.’

603 2247 836 2299 κάκεῖνος
875 2246 1036 2298 εἰπὼν
1073 2244 1299 2310 εχάριτος
1338 2246 1402 2298 οὐ
1442 2250 1631 2311 φθονῶ
1669 2245 1875 2311 ταύτης’

605 2331 813 2383 ὀδοῦςιν
854 2330 1031 2394 ἄκροις
1071 2331 1302 2382 ςκόλοπα
1341 2332 1534 2395 Θερμόν
1573 2332 1756 2399 ἐξῄρει.
2246 2343 2299 2383 10

606 2418 635 2469 ὁ
677 2417 722 2469 δ’
762 2418 989 2468 ἐκλυθεὶς
1027 2417 1211 2468 πόνων
1247 2434 1304 2469 τε
1342 2417 1517 2481 κάνίης
1555 2418 1718 2481 πάςης

606 2503 700 2554 τὸν
739 2503 946 2565 κνηκίην
983 2502 1239 2565 χάςκοντα
1277 2503 1511 2554 λακτίςας
1548 2503 1728 2567 φεύγει

605 2587 748 2652 ῥῖνας
785 2588 1001 2651 μέτωπα
1036 2587 1296 2651 γομφίους
1332 2586 1376 2637 τ’
1415 2586 1671 2651 ἀλοιήςας.

605 2673 775 2737 “οἴμοι’
813 2674 967 2725 λύκος
1006 2671 1159 2724 (τάδ”
1198 2672 1310 2725 εἶπε
1348 2673 1454 2725 εςὺν
1492 2677 1603 2742 δίκῃ
1643 2674 1853 2738 πάςχω·

601 2759 647 2810 τί
684 2759 783 2822 γὰρ
825 2758 939 2822 ἄρτι
975 2760 1179 2822 χωλοὺς
1218 2759 1450 2823 ἠρξάμην
1488 2759 1741 2823 ἰατρεύειν
2247 2769 2299 2809 15
2320 2754 2330 2824 '3

606 2846 788 2908 μαθὼν
826 2842 914 2895 ἀπ’
953 2842 1117 2907 ἀρχῆς
1154 2846 1312 2896 οὐδὲν
1348 2846 1379 2908 ἢ
1419 2844 1768 2908 μαγειρεύεινῖ
2328 2832 2332 2833 ἶ

436 2936 550 2988 Ὅτι
573 2935 623 2987 οἱ
647 2939 756 2987 τοῖς
780 2938 940 3000 μηδὲν
968 2937 1311 3000 προςήκουςιν
1338 2936 1656 3000 ἐπιτηδεύειν
1683 2938 2060 3001 ἐπιχειροῦντες
2084 2935 2300 2989 εἰκότως

264 3025 635 3086 δυςτυχοῦντες
673 3021 865 3085 βλάβην
904 3022 1108 3073 ἑαυτοῖς
1146 3022 1492 3086 ἐπιφέρουςιν.

434 3215 460 3254 8
490 3212 674 3266 χλωρὸν
707 3212 738 3254 Β
762 3211 886 3255 (2300
925 3212 1083 3265 (νόςου
1116 3212 1166 3255 δὲ
1198 3211 1356 3267 φέρεις
1397 3212 1471 3255 ἐπὶ
1501 3216 1587 3267 τῆς
1629 3213 1791 3266 ὅψεως
1832 3212 2078 3266 ςύμβολον)
2106 3212 2300 3253 Avianus

270 3270 338 3322 (12
368 3270 534 3324 pallida
573 3269 797 3310 caeruleus
837 3271 908 3310 cui
945 3274 1068 3310 notat
1106 3282 1183 3311 ora
1221 3270 1358 3322 color)
1397 3271 1570 3324 Roeper
1609 3268 1791 3324 Seidler]
1831 3268 1989 3322 χωλὸν
2019 3267 2105 3313 ΑΥ
2123 3266 2250 3313 (2135
2269 3267 2300 3314 F
2317 3279 2332 3318 ²³,-

269 3327 295 3370 ὁ
328 3326 499 3370 ςαυτὸν
527 3325 774 3378 ...ςῲζων
804 3327 1014 3367 Duebner
1044 3327 1097 3370 G.
1116 3327 1340 3367 Hermann
2310 3326 2311 3329 ’

435 3383 513 3426 121
542 3382 578 3426 Α
617 3383 748 3426 Β111
789 3380 819 3427 G
838 3382 1019 3423 1521—3
1060 3382 1088 3426 F
1107 3385 1160 3423 14
1192 3388 1234 3424 et
1266 3384 1347 3424 157
1377 3399 1434 3419 =
1463 3381 1494 3428 G
1524 3397 1566 3437 p.
1593 3384 1778 3424 3471—2
1819 3401 1878 3411 -·
1928 3383 1951 3422 1
1989 3380 2238 3436 προκύψας
2265 3380 2332 3427 Af

269 3442 295 3480 3
325 3439 481 3481 πάντα
513 3451 580 3482 ςοι
611 3440 818 3480 Duebner
849 3438 895 3492 1.]
930 3451 998 3481 ςοι
1027 3439 1183 3482 πάντα
1215 3439 1250 3484 Α
1363 3442 1391 3480 4
1423 3438 1721 3493 ἀποθνήιςκω
1755 3441 1791 3485 Α
1902 3452 1944 3480 v.
1975 3438 2002 3478 5
2031 3437 2130 3479 add.
2160 3438 2332 3498 Lach-g

268 3509 472 3536 mannus:
514 3496 830 3550 χρονιώτερον
870 3494 960 3549 γὰρ
1001 3495 1227 3550 δορκάδος
1268 3494 1369 3547 βίον
1408 3496 1534 3549 ζήςω
1577 3497 1631 3538 cf.
1662 3497 1794 3550 Ζωὴν
1823 3493 2009 3539 ὕπέλθω
2050 3493 2332 3550 δορκάδωνΤ

268 3551 533 3607 ὑπερτέραν
566 3552 718 3597 01523
750 3557 791 3593 et
821 3552 951 3604 ζωὴν
981 3552 1071 3606 γὰρ
1104 3552 1226 3605 Ζήςω
1260 3552 1491 3606 δορκάδος
1520 3552 1787 3608 ὑπερτέραν
1819 3552 1940 3597 5157
2318 3555 2332 3606 3:

436 3609 520 3652 122
553 3609 587 3652 Α
620 3611 783 3649 11-12
814 3608 846 3653 S
879 3607 1103 3661 (κνηκίας)
1138 3611 1264 3663 epim.
1289 3610 1528 3664 Georgides
1550 3610 1705 3651 Gnom.
1726 3612 1749 3651 I
1773 3625 1817 3664 p.
1839 3611 1894 3650 67
1923 3609 2053 3654 8106
2083 3606 2302 3653 (22591—23
2326 3614 2332 3623 ²

271 3664 394 3708 {⁷134
413 3681 467 3700 =
489 3664 518 3708 G
535 3680 576 3718 p.
589 3668 671 3706 390
699 3666 811 3720 Aug.
831 3667 913 3706 227
942 3684 1000 3694 -
1038 3668 1066 3706 4
1094 3665 1136 3707 τ’
1157 3667 1331 3707 Bekker
1362 3666 1401 3707 δ’
1421 3666 1456 3710 Α
1558 3667 1583 3706 5
1616 3666 1846 3720 δειπνήεει
1874 3665 1910 3710 Α
2008 3666 2033 3705 ‘l
2063 3663 2245 3707 ἄκανθα
2262 3663 2303 3710 Α
2324 3716 2327 3718 ‚

269 3718 475 3775 εἰρύςςας
506 3723 589 3763 Fix
619 3721 692 3775 [³⁶]
727 3719 909 3776 εἰρύςας
939 3723 973 3767 Α
1081 3725 1131 3762 11
1165 3721 1328 3774 κάνίης
1358 3721 1409 3775 S]
1442 3723 1519 3764 καὶ
1551 3721 1791 3777 ἀναιδείης
1821 3721 1857 3767 Α
1963 3723 2016 3763 12
2045 3719 2245 3775 κνηκίαν
2265 3719 2300 3767 S
2327 3727 2332 3736 ²

270 3776 465 3820 κνακίαν
495 3777 530 3822 Α
635 3779 867 3830 λακτήςας
902 3780 933 3822 Α
2182 3794 2183 3797 ’
2328 3794 2332 3798 ·
