2332 4134
908 301 1260 354 ,91-

397 459 571 511 οὐδεὶς
611 458 858 511 ἐπίστευς’
897 459 1025 510 οὐδὲ
1061 461 1415 523 προςδραμὼν
1451 459 1616 523 ἤρκει·
2072 474 2100 514 5

397 544 608 610 ἔφθειρε
647 543 694 596 δ’
732 544 763 595 6
803 544 958 596 λύκος
994 545 1164 596 πᾶςαν
1203 543 1436 597 εὐκόλως
1473 545 1712 609 ποίμνην.

227 645 342 698 Ὅτι
387 647 547 696 τοῦτο
598 642 796 709 ὄφελος
844 649 919 712 τῷ
969 643 1190 712 ψεύςτῃ,
1238 643 1350 706 ἵνα,
1401 643 1498 696 κᾶν
1546 643 1791 708 ἀλήθειαν
1837 646 1982 714 λέγῃ,
2031 647 2099 711 μὴ

58 732 369 796 πιςτεύηται.

1012 871 1128 927 162

391 988 578 1053 Πηρὸν
614 987 811 1043 ςπάλαξ
848 989 931 1039 καὶ
968 985 1174 1052 τυφλόν
1213 986 1315 1039 ἐςτί
1357 985 1466 1057 <τι>
1507 993 1663 1057 Ζῷον.

395 1075 490 1138 τὴν
527 1073 703 1138 μητέρ’
740 1072 838 1126 οὗν
874 1090 949 1126 τις
987 1074 1291 1137 καταφιλεῖν
1331 1074 1605 1138 ἐβουλήθη,

394 1159 506 1213 ἀλλ’
543 1157 658 1212 ἀντὶ
697 1160 952 1224 ςτόματος
990 1159 1131 1223 τῆςδ’
1174 1159 1404 1224 ἐφήψατ’
1444 1160 1644 1229 αἰδοίῳ.

395 1248 562 1298 ποιῶν
600 1245 647 1297 δ’
685 1244 953 1310 ἀδελφοὺς
991 1246 1152 1299 οὐδὲν
1190 1245 1343 1297 ἔλαθε
1381 1247 1506 1297 τοὺς
1545 1245 1748 1299 ἄλλους.

393 1331 464 1384 εἷς
501 1330 548 1383 6'
586 1329 730 1383 εἶπεν
768 1331 945 1383 αὐτῶν
984 1331 1073 1384 ‘nbc
1112 1333 1280 1383 θέλων
1317 1349 1363 1383 τι
1401 1335 1607 1395 ποιῆςαι
2060 1346 2088 1387 5

392 1418 538 1481 μέγα,
576 1417 659 1469 καὶ
695 1420 863 1480 πνοῆς
900 1415 962 1479 ἧς
999 1416 1135 1481 εἶχες
1173 1415 1238 1468 ἂν
1277 1417 1602 1480 ςτερηθείης.’

468 1500 663 1568 [γνώμη
702 1502 911 1565 πονηρὰ
949 1503 1032 1554 καὶ
1070 1502 1224 1567 φύςιν
1261 1501 1626 1570 μεταλλάττει]

1013 1717 1126 1772 163

390 1829 623 1894 Πέρδικα
660 1830 804 1882 θύειν
840 1830 916 1882 τίς
946 1826 1127 1899 <ποτ’>
1158 1829 1305 1881 ἔθελε
1342 1830 1609 1893 θηρεύςας.

392 1914 423 1967 6
463 1914 510 1967 δ’
547 1915 715 1979 ἱκέτης
753 1910 943 1967 (ἕαςον’
982 1915 1125 1976 ἔλεγε
1162 1907 1244 1979 εμὲ
1282 1915 1436 1969 ζώειν

392 2000 583 2053 ἄλλους
620 2018 675 2054 τε
713 2003 944 2054 πολλοὺς
983 2001 1095 2053 ἀντ’
1135 2002 1264 2066 ἐμοῦ
1304 2000 1605 2064 κυνηγήςω.’

390 2086 422 2139 6
461 2087 508 2139 δ’
546 2083 697 2139 “αὐτὸ
736 2090 897 2139 τοῦτο
935 2080 1148 2151 μᾶλλον’
1189 2086 1301 2139 εἶπε
1334 2080 1407 2139 ‘ck
1447 2086 1628 2151 ςφάξω

389 2171 470 2225 ὅτι
506 2173 631 2225 τοὺς
670 2175 903 2237 ςυνήθεις
942 2190 1018 2225 ςοι
1057 2174 1218 2225 θέλεις
1257 2170 1585 2236 ἐνεδρεῦςαι.’
2062 2183 2089 2223 5

455 2256 655 2326 [δόλιον
691 2259 824 2310 κατὰ
863 2259 1034 2323 φίλων
1074 2258 1348 2322 μηχάνημα
1387 2258 1656 2309 ςυνθέντες

380 2345 438 2397 ἐν
474 2347 586 2396 ταῖς
627 2344 862 2407 ἐνέδραις
901 2345 1192 2407 ἐμπεςεῑςθε
1230 2343 1521 2410 κινδύνων]

62 2599 67 2619 =
213 2574 240 2612 ὃ
270 2570 429 2614 οὐκέτι
456 2583 527 2616 τις
556 2568 769 2614 ἐπίςτευε
800 2572 1182 2627 προςδραμεῖν
1216 2570 1349 2626 αὐτῷ
1382 2571 1458 2612 καὶ
1491 2571 1715 2623 βοηθῆςαι
1746 2567 1778 2615 G
1922 2571 1947 2610 6
1978 2568 2004 2610 6
2037 2566 2086 2610 δέ

40 2626 182 2671 λύκος
228 2627 444 2683 εὑρηκὼς
490 2627 652 2671 ἄδειαν
697 2629 787 2681 τὴν
831 2627 1089 2682 ποίμνην
1133 2631 1326 2671 πᾶςαν
1373 2627 1706 2681 διέφθειρεν
1751 2625 2012 2669 εὐκόλως
2057 2624 2088 2669 G

46 2686 171 2740 Opim,
204 2702 258 2723 =
290 2686 324 2730 Β
352 2686 569 2740 promyth.

59 2759 74 2781 ²·
210 2757 296 2802 162
343 2757 469 2802 8121
502 2757 555 2798 cf.
580 2756 701 2800 '²177
729 2774 783 2793 =
814 2756 844 2802 G
871 2772 914 2811 p.
938 2759 1020 2799 307
1040 2773 1098 2793 =
1117 2758 1228 2812 Aug.
1250 2760 1334 2799 210
1365 2756 1458 2802 (251
1491 2771 1603 2811 quae
1634 2770 1783 2799 omnes
1813 2757 1999 2797 maxime
2029 2753 2084 2794 ab

74 2859 77 2862 Α
161 2812 314 2855 fabula
349 2813 554 2855 differunt
598 2814 777 2865 (Knoell
816 2813 965 2856 ‘Neue
1004 2815 1320 2856 Babrianisehe
1358 2814 1553 2865 Fabeln’,
1596 2815 1802 2855 Zeitschr.
1834 2814 1863 2853 f.
1902 2814 1941 2853 d.
1980 2814 2086 2852 oest.

186 2905 194 2913 .
234 2871 344 2912 1876
383 2885 426 2925 p.
465 2872 547 2912 165
592 2871 821 2912 Eberhard
861 2886 901 2926 p.
936 2874 1032 2923 180,
1069 2873 1138 2926 17)
1198 2871 1304 2915 Ὅτι
1334 2871 1552 2926 πονηρὰ
1582 2871 1776 2923 γνώμη
1810 2871 1898 2912 καὶ
1931 2866 2083 2919 αὐτὴν

43 2925 206 2983 φύειν
236 2926 414 2971 ἀλλοιοῖ
443 2929 521 2970 καὶ
554 2927 760 2980 βλάπτει.
793 2952 850 2958 -
881 2929 1075 2984 Πηρὸν
1107 2930 1205 2980 (em.
1241 2930 1271 2972 Ι(
1297 2929 1463 2983 πικρὸν
1497 2930 1546 2976 Β)
1586 2928 1829 2971 ἀςπάλαξ
1866 2927 1954 2969 καὶ
1996 2936 2087 2966 τυ-

83 2983 185 3027 λὺν
214 2986 372 3039 Ζῷον.
417 2983 481 3028 εἷς
509 2984 613 3027 οὖν
643 2985 746 3037 τὴν
780 2986 992 3040 μητέρα
1024 2986 1178 3028 θέλων
1210 2989 1398 3040 φιλῆςαι
1430 2985 1556 3028 ἀντὶ
1587 2988 1673 3027 τοῦ
1706 2984 1983 3036 ςτόματος
2014 2983 2084 3034 τῷ

80 3036 240 3095 mom»
261 3042 536 3096 προςψαύει.
566 3044 713 3084 τοῦτο
736 3042 791 3084 δὲ
822 3046 1000 3086 ποιῶν
1031 3043 1164 3086 τοὺς
1197 3043 1398 3086 ἄλλους
1431 3042 1711 3095 ἀδελφοὺς
1742 3041 1840 3083 οὐκ
1872 3040 2082 3083 ἔλαθεν.

41 3093 120 3140 εἷς
149 3097 207 3140 δὲ
238 3097 425 3141 αὐτῶν
457 3099 631 3142 εἶπεν·
662 3097 756 3142 ‘abc
786 3100 966 3142 θέλων
998 3113 1048 3142 τι
1082 3100 1220 3152 μέγα
1258 3102 1485 3153 ποιῆςαι
1519 3101 1608 3141 καὶ
1639 3101 1815 3151 πνοῆς
1846 3097 1907 3150 ἧς
1939 3096 2083 3148 εἶχε(

38 3152 283 3208 ἐςτέρηςαι
320 3154 525 3199 δικαίως’
557 3157 589 3200 Β
632 3175 690 3184 -
741 3159 863 3198 1-6
894 3163 993 3199 rest.
1027 3157 1058 3202 G
1209 3161 1230 3198 1
1267 3157 1440 3200 ςπάλαξ
1473 3157 1583 3206 (έςτι
1617 3156 1666 3198 δὲ
1699 3158 1842 3198 τοῦτο
1871 3154 1927 3196 τὸ
1959 3155 2083 3206 ζῷον

38 3210 240 3264 τυφλόν)
273 3210 302 3256 F
352 3267 355 3269 ‚
434 3211 500 3270 [7]
534 3218 636 3255 rest.
666 3214 896 3255 Eberhard

53 3308 60 3313 -
206 3281 295 3326 163
337 3283 466 3327 8122
498 3303 547 3318 =
571 3282 727 3328 01641
761 3285 882 3328 {³172
913 3302 966 3322 =
1001 3284 1031 3330 G
1060 3300 1103 3339 p.
1125 3288 1207 3326 353
1247 3284 1278 3330 0
1313 3285 1422 3326 1642
1442 3285 1670 3326 Eberhard
1704 3286 1782 3324 167
1841 3277 2086 3334 Πέρδικά

40 3349 124 3381 τι(
151 3338 429 3393 θηρεύςας
460 3341 629 3393 ἤμελλε
662 3341 842 3394 ςφάξαι.
877 3342 906 3395 ἡ
941 3342 991 3384 δὲ
1022 3340 1202 3385 ἱκέτευε
1233 3341 1432 3394 λέγουςα
1463 3341 1646 3384 ’ἔαςόν
1681 3354 1739 3392 με
1772 3341 1854 3392 Ζῆν
1882 3339 1957 3380 καὶ
1989 3335 2082 3387 (καὶ

41 3407 127 3437 om.
149 3394 227 3449 01)
256 3395 382 3439 ἀντ’
409 3396 544 3449 ἐμοῦ
578 3399 786 3441 πολλὰς
816 3399 1039 3453 πέρδικας
1071 3399 1166 3451 ἐγώ
1201 3411 1283 3441 ςοι
1312 3397 1639 3451 κυνηγήςω.’
1677 3398 1702 3439 ὁ
1734 3398 1790 3439 δὲ
1823 3396 1975 3438 εἶπεν
2006 3392 2083 3434 ‘61'

41 3449 183 3495 αὑτὸ
215 3455 390 3496 τοῦτο
432 3456 639 3507 μᾶλλον
681 3468 735 3499 ςε
772 3456 920 3507 θύςω,
961 3456 1049 3499 ὅτι
1087 3456 1222 3498 τοὺς
1260 3454 1519 3508 ςυνήθεις
1550 3456 1625 3496 καὶ
1657 3453 1822 3506 φίλους
1855 3465 1935 3495 ςοι
1966 3450 2083 3492 ἐνε-

42 3506 266 3562 δρεῠςαι
297 3511 507 3554 θέλειςῖ
539 3511 651 3556 ecl
697 3531 756 3542 —
807 3516 919 3554 1—4
948 3519 1048 3554 rest.
1073 3513 1103 3557 G
1236 3516 1347 3554 2--4
1378 3512 1434 3555 Ὅ
1469 3512 1506 3553 δ’
1539 3511 1687 3553 αὐτὸν
1717 3511 1873 3552 οὕτως
1902 3507 2081 3550 ἱκέτευε

40 3564 290 3619 φωνήςας·
328 3567 501 3622 ςΖῲειν
533 3568 577 3621 μ’
608 3568 765 3611 ἔαςον’
796 3570 946 3620 εἶπεν,
979 3568 1115 3612 *ἀλλὰ
1148 3582 1216 3613 ςοι
1245 3567 1489 3613 πλείςτους
1518 3568 1751 3621 Πέρδικας
1781 3566 1950 3609 ἄλλους
1981 3561 2082 3605 ἀντ’

38 3617 153 3675 ἐμοῦ
181 3624 468 3678 κυνηγήςω’.
486 3655 497 3666 .
535 3624 687 3676 ,Θύςω
713 3628 774 3668 ςει
796 3624 938 3679 φηςίν
974 3626 1130 3669 ἀὐτὸ
1152 3629 1332 3668 τοῦτο
1354 3627 1430 3668 καὶ
1455 3626 1628 3677 μᾶλλον
1650 3625 1878 3665 Eberhard
1937 3625 1962 3663 5
1983 3624 2079 3661 rest.

38 3676 265 3722 morhard
384 3680 528 3736 [6—8]
558 3687 658 3724 rest.
685 3681 735 3735 G]
769 3683 873 3725 Ὅτι
905 3683 930 3725 ὁ
961 3683 1102 3725 κατὰ
1134 3681 1314 3736 φίλων
1347 3682 1496 3724 αὐτοῦ
1530 3682 1695 3727 (αὑτοῦ
1728 3680 1776 3732 G)
1809 3679 1966 3723 δολία(
1999 3688 2080 3729 μη-

38 3734 186 3832 {amic
226 3736 412 3788 (δολίως
451 3739 667 3791 μηχανὴν
705 3738 753 3792 G)
793 3741 1020 3783 ςυντιθεὶς
1061 3739 1208 3782 αὐτὸς
1254 3739 1312 3781 ἐν
1357 3742 1482 3780 ταῖς
1525 3737 1784 3792 ἐνέδραις
1828 3741 1928 3780 τῶν
1967 3746 2079 3777 κιν-

76 3790 225 3835 ύνων
255 3794 586 3846 ἐμπεςεῖται.
622 3793 729 3839 Bcl
