2332 4134
540 386 570 438 ὁ
610 386 655 438 δ’
699 385 922 438 ὀκλάςας
960 383 1171 435 ἔπιπτεν
1209 382 1378 435 οὐκέτ’
1418 383 1621 445 ἰςχύων.

538 466 763 522 (ἔνταςςε
801 472 980 523 πεζοῖς
1018 468 1226 520 ςαυτόν’
1266 466 1411 519 εἶπεν
1447 463 1724 520 (ὁπλίταισ

540 557 597 607 ςὺ
634 555 735 619 γάρ
775 555 823 618 μ’
863 554 956 618 ἀφ’
995 553 1173 605 ἵππων
1212 552 1283 604 εἰς
1322 552 1482 604 ὄνους
1519 554 1835 616 μεταςτήςας

538 644 651 692 πῶς
690 640 835 691 αὗθις
872 639 1037 690 ἵππον
1075 639 1129 690 ἐξ
1167 637 1298 688 ὄνου
1337 654 1398 701 με
1436 637 1716 700 ποιήςεις;’

371 742 637 803 Μηδαμῶς
674 742 769 790 τοῦ
809 738 1075 801 παρόντος
1114 740 1222 789 δεῖν
1259 736 1392 799 ἡμᾶς
1432 737 1771 800 ἐπιμελεῖςθαι
1808 737 1974 801 μόνον
2013 737 2044 789 ὁ
2082 741 2247 803 μῦθος

200 828 447 888 διδάςκει,
501 825 632 877 ἀλλὰ
682 826 764 877 καὶ
813 828 907 876 τοῦ
958 826 1239 888 μέλλοντος
1285 826 1643 886 προνοεῖςθαι·
1695 823 1758 874 τὸ
1807 823 1908 886 γὰρ
1957 823 2024 888 μὴ
2073 822 2246 876 οὕτως

199 912 474 975 γινόμενον
513 914 726 964 πολλοῖς
764 910 1011 962 πολλάκις
1050 910 1113 961 οὐ
1151 910 1245 972 τὴν
1282 912 1543 972 τυχοῦςαν
1580 908 1741 971 ἤγαγε
1780 908 1990 973 βλάβην.

540 1196 709 1259 Κόραξ
749 1197 983 1258 δεδηχὼς
1023 1195 1234 1258 ςτόματι
1272 1196 1435 1258 τυρὸν
1475 1194 1712 1257 εἱςτήκει·

539 1285 704 1345 τυροῦ
744 1280 790 1333 δ’
829 1280 1042 1343 ἀλώπηξ
1082 1279 1308 1344 ἰχανῶςα
1347 1282 1550 1348 κερδῲη

541 1368 687 1435 μύθῳ
727 1367 822 1418 τὸν
862 1365 1008 1430 ὄρνιν
1046 1366 1276 1429 ἠπάτηςε
1314 1367 1564 1435 τοιούτῳ·

540 1452 744 1516 <κόραξ,
783 1453 932 1504 καλαί
972 1469 1048 1504 ςοι
1086 1453 1366 1516 πτέρυγες,
1407 1451 1527 1514 ὀξέη
1566 1452 1745 1514 γλήνη,

541 1539 728 1601 θεητὸς
767 1537 959 1601 αὐχήν·
1001 1539 1215 1601 ςτέρνον
1254 1538 1432 1590 αἰετοῦ
1471 1538 1690 1603 φαίνεις,
2224 1551 2251 1589 5

542 1623 683 1677 ὄνυξι
722 1624 938 1675 πάντων
978 1625 1176 1687 Θηρίων
1214 1624 1521 1687 κατιςχύεις·

541 1709 571 1760 ὁ
611 1712 754 1760 τοῖος
795 1708 938 1772 ὄρνις
975 1709 1162 1773 κωφός
1202 1710 1300 1760 ἐςςι
1339 1709 1434 1761 κού
1474 1710 1721 1773 κρώζειςῖ

541 1795 701 1858 κόραξ
741 1799 787 1847 δ’
826 1795 1023 1862 ἐπαίνῳ
1063 1795 1279 1859 καρδίην
1319 1795 1608 1858 ἐχαυνώθη,

542 1881 798 1945 ςτόματος
837 1883 897 1933 δὲ
935 1882 1098 1945 τυρὸν
1138 1882 1371 1945 ἐκβαλὼν
1411 1882 1694 1944 ἐκεκράγει.
1739 1929 1743 1934 ,

541 1967 637 2019 τὸν
675 1966 706 2029 ἡ
746 1967 882 2031 ςοφὴ
921 1969 1152 2030 λαβοῦςα
1194 1966 1431 2033 κερτόμῳ
1470 1967 1667 2034 γλώςςῃ
2200 1979 2252 2017 10

539 2045 657 2104 ίοὐκ
693 2051 804 2115 ἦςθ’
846 2046 1083 2116 ἄφωνος’
1124 2050 1268 2103 εἶπεν
1304 2044 1455 2102 (ἀλλὰ
1496 2053 1744 2116 φωνήεις.

541 2137 699 2201 ἔχεις,
739 2137 926 2201 κόραξ,
967 2136 1199 2198 ἅπαντα,
1237 2140 1363 2188 νοῦς
1401 2138 1460 2189 δέ
1500 2136 1540 2188 ς’
1581 2135 1830 2189 ἑλλείπει.’

372 2236 430 2289 Ὁ
479 2241 641 2301 μῦθος
688 2238 1207 2300 διδάςκειμηδαμῶς
1256 2236 1542 2301 ἄνθρωπον
1591 2237 1823 2289 ἐπαίνοις
1875 2238 2249 2290 ἐξαπατᾶςθαι·

203 2322 374 2386 ζημίαι
410 2323 509 2386 γὰρ
551 2323 791 2374 ἐντεῦθεν
831 2323 915 2373 καὶ
955 2321 1144 2385 ἀτιμίαι
1183 2322 1390 2375 εἰώθαςι
1428 2323 1669 2384 γίνεςθαι.

1187 2510 1266 2565 78

545 2606 714 2670 Κόραξ
751 2609 971 2671 νοςήςας
1010 2608 1123 2660 εἶπε
1163 2610 1313 2672 μητρὶ
1352 2610 1617 2676 κλαιούςῃ·

538 2687 623 2757 ζμὴ
664 2697 830 2755 κλαῖε,
871 2699 1056 2758 μῆτερ,
1097 2695 1228 2747 ἀλλὰ
1266 2698 1375 2746 τοῖς
1415 2698 1555 2746 θεοῖς
1594 2695 1753 2758 εὔχου

542 2779 701 2831 νόςου
741 2798 801 2843 με
839 2784 1009 2843 δεινῆς
1048 2782 1131 2832 καὶ
1169 2780 1355 2832 πόνων
1394 2779 1722 2845 ἀναςφῆλαι.’

542 2856 645 2916 ίκαὶ
683 2865 758 2916 τίς
797 2865 873 2918 (ε’
912 2867 1035 2930 φηςί
1072 2860 1196 2917 (τῶν
1236 2869 1388 2926 θεῶν,
1427 2867 1627 2927 τέκνον,
1667 2866 1839 2927 ςώςει;

543 2950 684 3002 τίνος
721 2952 820 3014 γὰρ
860 2951 965 3003 ὑπὸ
1006 2956 1097 3003 ςοῦ
1139 2953 1315 3016 βωμὸς
1354 2952 1451 3003 οὐκ
1490 2951 1764 3015 ἐςυλήθη;’
2227 2963 2253 3001 5

375 3049 490 3100 Ὅτι
525 3054 634 3101 τοῖς
667 3050 1039 3115 ἀμεταμέλητα,
1078 3052 1248 3116 φηςίν,
1289 3052 1359 3103 εἰς
1391 3052 1516 3103 θεὸν
1548 3053 1926 3114 πλημμελοῦςιν
1963 3045 2265 3114 ἀνωφελεῖς

205 3134 436 3196 γίνονται
475 3135 526 3186 αἱ
564 3135 696 3199 ὑπὲρ
738 3136 913 3187 αὐτῶν
952 3137 1163 3200 δεήςεις.

376 3320 434 3362 77
468 3318 502 3362 Α
535 3319 660 3362 V242
692 3320 871 3373 (Knoell
902 3335 942 3374 p.
968 3323 1068 3363 682)
1102 3322 1197 3363 361
1232 3321 1382 3366 (22041
1413 3339 1467 3358 =
1488 3323 1600 3375 Aug.
1623 3325 1703 3362 123
1736 3319 1958 3366 (22042—5
1997 3342 2056 3352 —
2101 3321 2126 3359 2
2158 3316 2255 3371 ἰχα-

204 3377 336 3417 νῶςα
368 3374 420 3429 Α]
455 3375 607 3429 ἐρῶςα
628 3376 660 3420 V
761 3380 789 3418 4
820 3390 894 3419 τοι
925 3377 956 3420 V
1045 3379 1190 3420 ὀξεῖαι
1220 3380 1389 3431 γλῆναι
1412 3378 1443 3422 V
1556 3381 1579 3419 7
1611 3381 1829 3422 τοιοῦτος
1850 3378 1883 3422 V
1912 3378 1938 3419 ὁ
1970 3377 2188 3419 τοιοῦτος
2222 3376 2255 3421 Β

201 3431 296 3474 ιέςςι
327 3431 378 3484 Α]
412 3433 529 3484 ἦςθα
552 3433 583 3476 V
675 3436 728 3475 10
758 3434 843 3476 τὸν
866 3435 899 3477 Α
931 3437 1124 3484 (τοῦτον
1159 3435 1208 3476 δὲ
1243 3434 1310 3488 8)]
1345 3435 1400 3478 ὃν
1423 3435 1467 3487 V,
1500 3439 1546 3476 in
1576 3438 1695 3490 quod
1725 3436 1940 3477 inciderat
1957 3433 2256 3475 Eberhardius

211 3492 260 3529 11
283 3489 402 3541 ῆςθα
422 3489 452 3532 V
543 3491 685 3542 φηςὶν
707 3490 739 3533 V
762 3514 816 3521 —
838 3490 1050 3553 φωνῄεις
1071 3490 1123 3544 Α]
1158 3492 1367 3544 φωνάεις
1391 3493 1421 3535 V
1453 3492 1687 3545 φωνέειςὶ)
1717 3507 1780 3546 pr.
1803 3493 1838 3536 Α
1930 3493 1982 3532 12
2012 3489 2073 3532 τὰ
2099 3488 2257 3533 πάντα

206 3560 318 3629 Aug.
408 3560 645 3657 ἑεσλείπει
676 3562 707 3606 V
737 3561 785 3604 ‘i.
819 3577 853 3603 e.
888 3563 922 3604 ς’
953 3561 1162 3605 ἑλλείπει’
1197 3563 1224 3606 Ι.
1258 3576 1324 3605 ςοι
1354 3562 1500 3606 λείπει
1534 3562 1673 3618 (λίπει
1705 3564 1757 3615 Β)
1788 3563 1823 3607 Α
1849 3563 1882 3607 Β
1984 3564 2070 3604 νοῦ
2105 3560 2252 3612 μόνον

209 3629 550 3775 κῖηεαιΊΒΠΑΧΒ
562 3678 615 3716 63
649 3676 742 3720 1787
765 3695 817 3714 =
842 3675 872 3721 ὓ
893 3690 933 3729 p.
953 3679 1036 3717 334
1069 3675 1191 3720 (2132
1222 3696 1279 3705 —
1309 3680 1335 3717 4
1366 3677 1534 3719 τέκνον
1566 3683 1666 3731 post
1695 3691 1742 3720 ςε
1772 3678 1930 3732 legitur
1950 3678 1993 3716 in
2017 3673 2048 3721 C
2121 3675 2250 3728 epim.

199 3741 454 3781 -γιγνονται
