2332 4134
880 296 1268 351 —137er

387 442 590 506 προιὼν
629 441 691 492 δὲ
726 442 837 491 τοῖς
873 440 1135 504 χρόνοιςιν
1174 441 1259 493 ἐπὶ
1295 441 1360 492 τὰ
1399 440 1614 504 μείζονα

385 527 603 592 ληφθείς
640 525 684 577 τ’
723 525 944 590 ἀπήγεθ’
982 526 1013 579 ὁ
1053 529 1175 580 νέος
1214 528 1299 590 ἐπὶ
1335 527 1432 579 τὸν
1471 527 1671 590 δήμιον.

386 613 567 681 τούτῳ·
599 613 662 664 δὲ
697 613 912 676 μητρὸς4
934 613 1393 677 ἐπακολουθούςης
1436 610 1556 682 <τε>
1599 612 1682 664 καὶ

51 723 100 764 01
387 697 869 762 ςτερνοκτυπούςης
906 697 1054 750 εἶπεν
1095 697 1125 750 ὅ
1170 695 1291 766 <γε>
1334 698 1565 760 νεηνίης·

385 777 745 840 ςεἰπεῖν’,θέλω
785 800 832 833 τι
869 783 1021 846 μητρί
1059 801 1160 847 μου
1199 784 1334 847 πρὸς
1374 781 1596 835 τώτίον’.
2046 795 2097 833 10

385 872 480 944 τῆς
516 868 580 931 δ’,
619 870 693 922 ὡς
729 871 1008 933 προςῆλθε,
1047 869 1172 921 τοῦς
1211 870 1389 921 δακὼν
1428 868 1694 934 ἀφείλετο.

385 955 776 1019 κατηγορούςης
814 953 980 1006 αὐτὸν
1018 953 1115 1006 οὖν
1154 954 1227 1006 ὡς
1265 957 1480 1018 δυςςεβῆ

385 1043 479 1104 τῆς
515 1039 712 1104 μητρός
751 1038 879 1092 “ἀλλ’
919 1038 1013 1092 ὅτ”
1052 1038 1166 1093 εἶπε
1202 1035 1300 1092 εςοὶ
1337 1041 1399 1092 τὸ
1439 1040 1645 1092 δελτίον

383 1126 578 1190 ἤνεγκα
615 1128 813 1191 κλέψας
851 1124 900 1178 εἴ
935 1125 985 1190 μ’
1025 1125 1263 1190 ἔπληξας,
1301 1124 1484 1179 οὔποτ’
1528 1126 1593 1178 ἂν

387 1211 463 1265 εἰς.
496 1211 684 1264 τόςςον
713 1210 879 1275 ἦλθον
916 1211 1042 1264 κάπὶ
1081 1212 1314 1265 θάνατον
1351 1211 1587 1277 ἠγόμηνῖ
2046 1222 2096 1260 15

215 1296 274 1350 ‘O
313 1296 473 1359 λόγος
510 1295 664 1361 δηλοῖ
713 1295 794 1348 ὅτι
842 1297 905 1348 τὸ
946 1295 1058 1348 κατ’
1099 1295 1266 1361 ἀρχὰς
1313 1298 1380 1362 μὴ
1420 1297 1759 1361 κωλυόμενον
1800 1295 1882 1347 ἐπὶ
1920 1297 2096 1358 μεῖζον

46 1383 199 1443 αὔξει.
478 1378 481 1379 ’

379 1599 470 1652 Ἐν
507 1600 966 1663 παραθαλαςςίοιςί
1004 1618 1079 1652 τις
1117 1601 1341 1665 ποίμνην
1379 1601 1569 1665 νέμων,

379 1688 705 1749 γαληνιῶςαν
743 1687 837 1750 τὴν
876 1687 1137 1740 θάλαςςαν
1178 1684 1484 1756 <εἰς>ορῶν,

382 1771 455 1823 ὡς
493 1772 806 1836 ἐμπολήςων
842 1775 1148 1825 ναυςτολεῑν
1185 1772 1437 1837 ἱμείρατο.

380 1857 753 1923 ἀπεμπολήςας
792 1858 889 1912 οὖν
928 1860 995 1911 τὰ
1032 1859 1277 1925 πρόβατα
1318 1857 1556 1929 <πάντα>
1586 1859 1669 1910 καὶ

378 1946 856 2010 φοινικοβαλάνους
894 1946 1159 2010 ἀγοράςας
1198 1947 1475 2010 ἀνήγαγεν.
2067 1953 2092 1992 5

374 2029 480 2082 ὑπὸ
504 2031 681 2095 ’ζάλης
719 2033 779 2084 δὲ
817 2032 1215 2096 περιτραπείςης
1253 2034 1346 2095 τῆς
1383 2033 1518 2102 νεὼς

41 2230 425 2285 ἑπαινεςάςης
463 2231 645 2274 αὐτὸν
685 2230 744 2273 ἐκ
785 2232 1066 2286 δευτέρου
1109 2231 1346 2285 ἱμάτιον
1388 2233 1566 2287 κλέψας
1607 2233 1810 2286 ἤνεγκεν
1852 2230 1972 2283 αὐτῇ
2010 2229 2087 2270 καὶ

43 2289 127 2333 ἔτι
159 2290 374 2341 μᾶλλον
395 2286 550 2342 ἐκείνη
576 2288 922 2332 ἀπεδέξατο.
953 2291 1180 2344 προιὼν
1204 2291 1262 2332 δέ
1294 2294 1420 2333 τοῖς
1451 2291 1695 2345 χρόνοις
1728 2290 1753 2332 ὁ
1776 2286 1967 2332 νεανίας
1991 2285 2088 2328 ἐπὶ

42 2346 113 2390 τὰ
139 2344 379 2398 μείζονα
401 2345 592 2400 ἐχώρει·
624 2348 867 2400 ληφθεὶς
891 2346 942 2389 δέ
972 2360 1089 2391 ποτε
1111 2349 1189 2390 καὶ
1210 2349 1624 2402 περιαγκωνιςθεὶς
1646 2347 1735 2390 ἐπὶ
1757 2346 1858 2389 τὸν
1881 2343 2091 2396 δήμιον

41 2402 315 2456 ἀπήγετο.
375 2406 463 2457 τῆς
511 2403 570 2446 δέ
617 2404 834 2458 μητρὸς
866 2404 1385 2458 ἐπακολουθούςης
1432 2408 1566 2460 αὐτῷ
1607 2405 1698 2447 καὶ
1746 2413 2088 2458 ςτερνοκοπου-

45 2460 187 2514 μένης
219 2466 319 2514 (em.
351 2461 576 2512 Halmius;
615 2461 1090 2516 ςτερνοπονουμένης
1121 2464 1252 2517 Aug.)
1293 2463 1319 2506 ὁ
1350 2462 1590 2505 νεανίας
1621 2462 1805 2505 εἶπεν·
1844 2459 2007 2501 εθέλω
2042 2471 2087 2500 τι

42 2515 236 2563 εἰπεῖν
265 2521 324 2573 τῇ
359 2516 533 2573 μητρί
562 2531 665 2571 μου
699 2517 764 2561 εἰς
795 2519 859 2561 τὸ
882 2518 994 2563 οὖς’.
1025 2523 1112 2571 τῆς
1145 2520 1195 2562 δὲ
1226 2521 1574 2573 προςελθούςης
1605 2518 1792 2572 ταχέως
1824 2516 2084 2568 ἐπελάβετο

38 2577 127 2619 τοῦ
160 2574 284 2618 ὠτὸς
316 2574 465 2628 αὐτῆς
499 2576 576 2618 καὶ
598 2575 805 2630 ἐξέκοψε.
852 2579 940 2630 τῆς
974 2577 1024 2619 δὲ
1045 2578 1503 2632 κατηγορούςης
1535 2577 1718 2620 αὐτὸν
1743 2576 1819 2618 ὡς
1841 2574 2086 2625 δυςςεβῆ

41 2630 222 2676 ἐκεῖνος
262 2632 379 2686 ἔφη·
428 2632 586 2676 “ἀλλὰ
626 2633 740 2676 τότε
778 2634 877 2677 ὅτε
917 2635 1003 2677 coi
1043 2637 1237 2689 πρῶτον
1281 2635 1366 2687 μὲν
1409 2635 1576 2677 δέλτον
1614 2633 1837 2687 κλέψας
1868 2632 2084 2684 ἤνεγκα

41 2686 94 2738 εἰ
118 2689 372 2742 ἔπληξάς
413 2699 506 2742 με,
537 2690 625 2733 οὐκ
665 2690 723 2733 ἂν
766 2691 899 2746 μέχρι
934 2692 1112 2740 τούτου
1154 2691 1372 2747 ἐχώρηςα
1412 2694 1504 2735 καὶ
1537 2692 1631 2735 ἐπὶ
1663 2690 1921 2733 θάνατον
1953 2686 2085 2740 ἠγό-

41 2744 179 2800 μηιΐ.
209 2747 324 2803 Aug.
369 2767 426 2777 —
472 2751 609 2790 1—15
639 2753 740 2790 rest.
775 2748 805 2792 G
848 2783 850 2785 ,
957 2753 977 2790 1
1025 2748 1076 2791 ἐκ
1120 2753 1227 2791 τοῦ
1270 2748 1591 2792 διδαςκαλείου
1627 2749 1654 2793 F
1800 2750 1825 2789 9
1859 2758 2088 2800 ςτερνο-

39 2804 378 2858 κεευπούςης
410 2805 438 2852 [τ’
496 2860 500 2864 ¹
558 2809 609 2846 11
640 2807 730 2858 τῆς
771 2805 822 2848 δὲ
861 2806 1050 2859 ταχέως
1090 2807 1147 2849 τὸ
1190 2806 1271 2850 οὓς
1302 2810 1373 2862 τῷ
1408 2808 1604 2860 ςτόματι
1633 2809 1720 2849 τοῦ
1752 2803 1919 2848 παιδὸς
1948 2815 2087 2857 προς-

42 2858 195 2914 Θείςης
225 2861 407 2905 ἐκεῖνος
435 2862 499 2905 τὸ
532 2862 632 2906 οὖς
661 2866 764 2905 τοῖς
795 2862 953 2906 ὀδοΰςι
987 2864 1182 2907 δακών
1215 2863 1497 2918 ἀφείλετο
1531 2863 1560 2908 G
1710 2865 1840 2917 epim.
1871 2862 1985 2914 Aug.

207 2918 303 2963 248
349 2919 379 2963 F
412 2922 496 2961 164
523 2937 579 2957 =
620 2919 652 2965 G
681 2935 722 2974 p.
755 2923 838 2961 306
872 2920 902 2965 G
931 2923 987 2961 49
1019 2921 1132 2975 Aug.
1166 2925 1249 2963 203
1309 2922 1497 2975 Ποιμὴν
1529 2921 1590 2964 ἐν
1622 2914 2082 2975 παραθαλαςςίῳ

40 2973 176 3029 τόπῳ
205 2974 484 3027 ποίμνιον
514 2977 733 3029 νέμων,
767 2977 994 3031 ἑωρακὼς
1033 2981 1418 3031 γαληνιῶςαν
1449 2982 1553 3032 τῆν
1584 2978 1887 3021 θάλατταν
1920 2973 2086 3016 ἐπεθύ-

41 3042 154 3085 μηςε
173 3033 368 3076 πλεῦςαι
387 3034 506 3088 πρὸς
528 3033 769 3089 ἐμπορίαν.
817 3034 1244 3089 ἀπεμπολήςας
1275 3040 1377 3088 (em.
1411 3037 1629 3088 Halmius3
1661 3032 2012 3086 ἀπεμπωλήςας
2037 3029 2085 3080 G)

39 3087 146 3131 οὖν
172 3089 241 3132 τὰ
271 3090 540 3144 πρόβατα
569 3093 662 3134 καὶ
695 3089 985 3145 φοινίκων
1018 3093 1320 3144 βαλάνους
1342 3093 1599 3148 πριάμενος
1621 3092 1821 3145 ἀνήχθη.
1852 3091 2085 3143 χειμῶνος

11 3142 93 3189 ·δὲ
123 3146 334 3201 ςφοδροῦ
371 3148 634 3200 γενομένου
673 3149 750 3191 καὶ
788 3152 876 3203 τῆς
915 3149 1038 3192 νεὼς
1075 3150 1440 3204 κινδυνευούςης
1481 3148 1780 3203 βαπτίζεςθαι
1810 3147 1968 3190 πάντα
2000 3143 2086 3185 τὸν

41 3201 226 3257 φόρτον
265 3203 533 3257 ἐκβαλὼν
574 3203 654 3249 εἰς
694 3205 786 3258 τὴν
827 3205 1131 3250 θάλατταν
1176 3207 1337 3259 μόλις
1375 3208 1509 3262 κενῇ
1558 3211 1625 3262 τῇ
1674 3208 1770 3259 νηὶ
1817 3201 2087 3252 διεςώθη.

40 3258 157 3312 μετὰ
189 3258 228 3301 δ’
258 3260 438 3316 ἡμέρας
468 3262 556 3305 οὐκ
582 3261 745 3316 ὀλίγας
767 3263 1028 3317 παριόντος
1047 3264 1177 3307 τινὸς
1199 3266 1276 3306 καὶ
1298 3267 1384 3317 τῆς
1402 3265 1641 3318 θαλάττης
1663 3264 1821 3315 (ἔτυχε
1842 3260 1932 3314 γὰρ
1958 3258 2080 3309 αὕτη

14 3317 328 3372 ιγαληνιῶςα)
359 3319 451 3372 τὴν
471 3318 671 3374 ἠρεμίαν
693 3321 1024 3371 θαυμάζοντος
1047 3322 1304 3374 ὑπολαβὼν
1327 3321 1469 3365 οὗτος
1493 3322 1611 3365 εἶπε·
1633 3319 1878 3375 ’φοινίκων
1902 3315 2087 3364 αὖθις,

40 3372 111 3416 ὡς
139 3373 318 3427 ἔοικεν,,
335 3374 608 3430 ἐπιθυμεῖ
638 3378 716 3419 καὶ
738 3377 814 3419 διὰ
835 3379 983 3420 τοῦτο
1005 3377 1227 3431 φαίνεται
1249 3379 1574 3433 ἡςυχάζουςα.’
1608 3378 1638 3423 G
1697 3376 1887 3428 Ποιμὴν
1910 3374 1961 3415 έν
1992 3385 2084 3413 τινι

5 3427 189 3484 ‘stow
229 3432 328 3473 add.
369 3433 414 3485 F>
454 3433 912 3489 παραθαλαςςίῳ
955 3434 1164 3487 (ποίμνια
1203 3437 1302 3479 add.
1337 3438 1382 3486 F)
1423 3436 1584 3488 νέμων
1618 3436 1683 3478 ὡς
1715 3432 1941 3476 ἑθεάςατο
1972 3429 2082 3481 τὴν

41 3485 327 3533 θάλαςςαν
356 3490 573 3546 γαληνήν
603 3505 656 3535 τε
688 3492 764 3534 καὶ
794 3495 1012 3546 πρᾳεῖαν,
1045 3492 1307 3546 ἑπεθύμηςε
1338 3495 1530 3536 πλεῦςαι
1556 3495 1705 3543 (πλεῖν
1728 3489 1877 3544 Aug.).
1918 3487 2080 3541 διόπερ

41 3543 260 3598 πωλήςας
292 3545 445 3588 αὑτοῦ
482 3548 549 3590 τὰ
588 3549 697 3603 πρό
717 3550 861 3594 Βατα
903 3549 999 3590 καὶ
1039 3548 1257 3602 φοίνικας
1289 3550 1587 3605 ἀγοράςας
1618 3552 1739 3591 ναῦν
1771 3543 2079 3602 ἑμφορτωςά-

43 3605 181 3653 nevo(
218 3602 635 3657 (ἐμφῡρῒιεάμενος
666 3608 797 3659 Aug.)
829 3604 1026 3658 ἀνήχθη.
1085 3610 1315 3660 χειμῶνος
1356 3608 1405 3649 δὲ
1447 3607 1654 3660 ςφοδροῡ
1695 3603 1958 3658 γενομένου
2005 3601 2084 3642 καὶ

42 3659 148 3711 τῆς
189 3659 339 3702 νεὼς
385 3662 856 3716 περιτραπείςης
901 3662 1058 3705 πάντα
1105 3663 1335 3707 ἀπολέςας
1382 3664 1560 3705 αὐτὸς
1607 3662 1771 3714 (αὐτὸς
1818 3675 1904 3703 om.
1951 3659 2082 3711 Aug)

41 3713 207 3766 μόλις
227 3715 302 3759 ἐπὶ
322 3718 408 3770 τῆς
424 3721 514 3772 γῆς
532 3720 748 3790 (τὴνγῆν
769 3719 905 3788 Aug.)¹
924 3719 1175 3790 btcftben
1201 3720 1467 3773 (διενήξατο
1490 3721 1636 3790 A13g.>.
1668 3719 1809 3762 πάλιν
1832 3717 1890 3760 δὲ
1912 3713 2083 3767 γαλή-

40 3782 113 3870 ἰὲ
125 3773 506 3874 ἓθὶἓέἒτῖέέῧὲ
527 3771 2083 3889 ῒὲξιόθὲαπὲἒιλῖἱιδὲνὲἒμξξῗ(γέἓῖιὲἕέαὲἑὲῗνέἕέἓέᾞὲῧ2ξέ
