2190 4036
908 239 1262 284 ‚11—

55 380 114 424 m
151 375 399 437 disputem
440 377 651 438 primum
693 379 752 426 de
791 380 850 427 iis
891 380 1055 426 verbis
1085 388 1134 428 et
1171 381 1521 437 locutionibuS,
1562 394 1690 439 quae
1728 378 1863 439 apud
1893 379 2109 425 seriores

29 498 42 509 ..
60 460 255 508 demum
293 460 565 522 scriptores
606 465 740 511 tertii
777 472 826 511 et
851 467 1164 525 sequentium
1191 467 1505 514 saeculorum
1538 463 1893 521 inveniuntur,
1934 463 2110 510 deinde

19 531 123 603 {de
159 546 235 603 iis,
276 561 421 606 quae,
460 549 689 607 quamvis
728 550 775 595 in
818 551 1054 611 exiguum
1082 567 1263 613 gyrum
1292 550 1527 612 compelli
1567 565 1663 595 non
1694 549 1904 610 possint,
1942 555 2105 594 tamen

21 604 35 633 Α
60 633 260 681 omnino
299 632 482 679 seriori
521 634 783 693 graecitati
823 635 1150 682 adscribenda
1187 643 1318 682 sunt.

12 676 31 741 ἓ
209 717 471 764 Vocabula
507 717 783 778 Babriana,
826 735 955 780 quae
994 720 1126 781 apud
1164 719 1436 780 scriptores
1463 719 1728 766 admodum
1755 735 1893 766 seros
1915 719 2108 764 demum

16 806 310 868 ·,.leguntur,
349 803 470 849 haec
521 811 666 850 sunt:
715 801 1024 867 βουκόλημα,
1077 805 1371 865 consolatio,
1420 805 1570 852 Babr.
1626 806 1740 863 135,
1782 807 1810 851 2
1852 799 1986 861 ὅπως
2024 800 2107 869 ἔχῃ

22 881 100 936 ’τι
148 883 439 952 βουκόλημα
485 890 573 950 τῆς
627 885 797 953 λύπης.
847 889 924 949 (cf.
984 892 1063 950 19,
1117 892 1145 937 7
1202 893 1463 954 παρῆλθεν
1501 885 1630 937 οὕτω
1670 890 1982 953 βουκολοῦσα
2019 883 2110 950 τὴν

20 969 260 1044 ἐλύπην).
336 973 460 1021 Alio
514 991 659 1022 sensu
718 978 840 1023 haec
880 993 982 1023 vox
1043 982 1285 1037 usurpata
1341 983 1414 1022 est
1472 978 1533 1022 ab
1591 975 1870 1022 Heliodoro
1912 974 1958 1034 5,
1997 976 2043 1033 23
2083 991 2112 1020 a

4 1053 12 1078 .-

19 1058 226 1131 ,Suida,
303 1059 389 1118 qui
445 1061 584 1106 illum
641 1061 813 1108 Babrii
887 1078 1083 1108 versum
1141 1061 1300 1119 affert,
1358 1061 1639 1122 explicatur
1677 1056 1996 1123 βουκόλημα;
2054 1053 2109 1105 τὸ

0 1151 10 1161 ’“
51 1140 344 1208 θέλγητρον.
423 1145 662 1193 Similiter
716 1154 1024 1207 usurparunt
1079 1142 1348 1209 βουκόλιον
1407 1146 1677 1207 Antipater
1735 1153 1783 1192 et
1842 1146 2108 1206 Philippus

5 1289 10 1293 η
57 1230 522 1281 Thessalonicensis
562 1231 611 1277 in
652 1231 809 1278 Anth.
851 1233 944 1292 IX,
988 1233 1101 1291 150,
1141 1233 1188 1279 4.
1224 1232 1340 1291 255,
1381 1229 1609 1293 4πενίης
1647 1226 1793 1278 ὤλετο
1828 1226 2110 1294 βουκόλων,

61 1316 371 1378 paupertatis
411 1315 601 1362 interiit
653 1317 887 1364 solamen.
964 1313 1182 1382 ὄγκωμα,
1222 1325 1402 1377 tumor,
1453 1318 1602 1363 Babr.
1643 1315 1759 1374 135,
1798 1317 1844 1363 5.
1883 1312 2108 1381 ὄναγρος,

0 1403 14 1442 ῗ’
54 1417 148 1463 pro
189 1397 305 1459 ὄνος
342 1396 530 1465 ἄγριος,
570 1417 772 1462 onager,
810 1403 866 1449 Β.
910 1405 989 1462 67,
1043 1406 1088 1449 1.
1142 1405 1330 1464 Αθεορ.
1383 1402 1548 1448 Halm.
1602 1402 1719 1448 318.
1768 1401 1823 1447 cf.
1876 1398 2111 1466 αἴγαγρος

58 1487 211 1534 Babr.
251 1488 367 1546 102,
409 1487 454 1533 8.
530 1483 779 1551 συγγέρων
819 1490 902 1548 22,
944 1490 988 1535 7.
1064 1483 1344 1550 ἆβόσκητος
1383 1488 1466 1547 45,
1517 1489 1595 1535 10.
1636 1486 1694 1533 cf.
1733 1485 1862 1532 Kell.
1903 1503 1950 1547 p.
1990 1486 2108 1540 405,

52 1567 409 1637 βαθυγνώμων
446 1572 596 1618 Babr.
641 1573 754 1632 127,
785 1573 830 1620 5.
873 1574 949 1632 (cf.
976 1571 1319 1640 βαθύγνωμος
1357 1575 1507 1620 Babr.
1549 1573 1673 1634 Syll.
1702 1570 1768 1617 II.
1796 1571 1891 1618 fab.
1922 1572 2002 1630 68,
2042 1570 2108 1634 9).

0 1670 1 1673 ’
58 1660 252 1720 Eunap.
291 1657 512 1719 ρας-65
554 1664 602 1703 et
642 1657 759 1705 513.
799 1658 988 1705 Boiss.:
1028 1658 1309 1723 κρυψίνους
1346 1656 1430 1706 καὶ
1458 1652 1828 1722 βαθυγνώμων.
1882 1657 2110 1702 Eustath.

0 1761 6 1764 ’
59 1760 229 1806 opusc.
269 1761 317 1806 p.
372 1743 489 1802 215,
527 1743 609 1790 90.
648 1742 705 1789 cf.
758 1739 1085 1806 βαθύβουλος
1142 1752 1191 1791 et
1247 1746 1431 1792 Eberh.
1486 1742 1629 1791 Obss.
1670 1743 1884 1803 Polybb.
1940 1740 1988 1803 p.
2029 1743 2108 1788 11.

53 1825 301 1892 κοιλώδης
337 1829 500 1876 Babr.·
530 1829 612 1888 20,
651 1830 696 1876 2.
736 1829 1009 1892 Phrynich.
1048 1831 1098 1876 in
1138 1831 1195 1876 B.
1238 1832 1302 1878 A.
1342 1831 1382 1889 Ι,
1425 1829 1504 1887 65,
1547 1829 1627 1875 19.
1667 1827 1725 1874 cf.
1750 1826 1880 1873 Kell.
1922 1844 1967 1888 p.
2006 1827 2108 1874 406

52 1915 158 1962 init.
234 1911 487 1965 ἆτευκτεῖν
525 1914 675 1960 Babr.
717 1915 831 1973 123,
874 1916 919 1962 6.
963 1915 1139 1978 Synes.
1181 1916 1239 1961 de
1296 1932 1434 1977 regn.
1476 1931 1523 1976 p.
1564 1915 1609 1972 8,
1650 1929 1689 1960 c.
1731 1915 1906 1960 Petav.
1947 1909 2106 1959 ἐκπω-

51 2004 241 2048 τᾶσθαι
306 2001 456 2048 Babr.
516 2001 595 2059 12,
661 2002 704 2045 1.
799 1996 1098 2064 ἐλαφρύνειν
1157 2002 1271 2060 111,
1331 2001 1376 2048 6.
1436 1999 1603 2046 Nicet.
1662 2000 1855 2060 Eugen.
1916 2000 1962 2057 2,
2025 1999 2110 2045 29.

61 2076 249 2134 charit.
291 2086 337 2146 6,
378 2087 424 2145 6,
463 2087 492 2132 s
531 2085 778 2144 D'01-vill.,
818 2087 904 2132 ubi
943 2087 1229 2134 Herchems
1269 2087 1421 2133 edidit
1462 2081 1808 2148 ἐλευθερῶσαι.
1873 2079 2108 2140 ἀσκόπως

51 2173 197 2219 Babr.
242 2172 322 2231 95,
363 2172 445 2218 39.
485 2171 644 2231 Long.
686 2171 734 2227 4,
777 2172 857 2230 31,
900 2173 944 2218 1.
985 2173 1150 2233 Ignat.
1191 2188 1268 2233 ap.
1308 2171 1504 2218 Knoch.
1542 2171 1695 2218 Babr.
1737 2188 1783 2232 p.
1828 2170 1944 2216 198.

194 2256 308 2304 ‹Jam
347 2273 410 2303 ex
451 2257 781 2317 scriptoribus
820 2257 956 2303 tertii
983 2264 1032 2302 et
1051 2258 1397 2318 proximorum
1434 2258 1748 2304 saeculorum
1774 2272 1853 2302 res
1880 2256 2106 2316 singulas

52 2343 234 2390 afferre
291 2343 339 2388 in
402 2342 566 2388 animo
639 2348 726 2401 est,
798 2358 928 2402 quae
996 2343 1143 2389 etiam
1199 2343 1250 2390 in
1306 2342 1481 2390 Babrii
1533 2341 1710 2388 sabulis
1766 2341 2105 2387 inveniuntur.

50 2428 266 2475 Babrius
326 2427 441 2486 114,
498 2429 531 2474 4
589 2426 808 2491 συρίζειν
872 2429 932 2474 de
995 2429 1140 2474 sibilo
1200 2429 1336 2474 venti
1393 2427 1668 2488 usurpavit,
1726 2434 1782 2472 ut
1839 2427 2105 2486 aliquoties

50 2514 323 2576 scriptores
363 2513 563 2572 erotici,
604 2514 732 2560 Ach.
759 2514 873 2561 Tat.
916 2515 960 2572 3,
1001 2515 1047 2573 2,
1088 2516 1145 2560 2:
1186 2509 1384 2575 ἀνέμων
1422 2510 1663 2560 ποικίλων
1691 2508 1882 2576 ἑσύριζε
1921 2506 2105 2571 ψόφος.

52 2599 98 2660 5,
139 2599 218 2658 16,
274 2599 318 2646 5.
356 2599 519 2659 Long.
570 2600 608 2659 Ι,
662 2600 742 2659 23,
791 2600 849 2645 2:
907 2599 975 2645 ibi
1031 2599 1089 2645 cf.
1140 2599 1447 2660 Interpretes
1507 2614 1619 2659 pag.
1683 2599 1802 2645 197.
1861 2597 1935 2644 ed.
1991 2596 2108 2644 Seil.

49 2682 208 2746 Orph.
267 2684 441 2746 fragm.
504 2685 585 2751 28,
645 2685 710 2731 14
769 2684 967 2730 Herm.:
1027 2679 1153 2741 Ζεὺς
1220 2679 1469 2745 πνεύμασι
1523 2681 1749 2747 συρίζων.
1832 2685 1892 2730 In
1934 2682 2106 2728 iisdem

55 2770 355 2816 carminibus
397 2767 630 2830 Orphicis
670 2773 876 2818 verbum
916 2765 1128 2832 μεθύειν
1165 2771 1571 2831 itausurpatum
1610 2775 1698 2827 est,
1738 2774 1792 2814 ut
1831 2763 2106 2829 μεθύσκειν

49 2855 182 2917 apud
239 2855 504 2901 Babrium:
560 2855 720 2918 Orph.
773 2858 907 2904 Lith.
962 2858 1060 2903 221
1113 2851 1313 2917 (νήπιος
1381 2850 1508 2913 υἱὸς)
1574 2857 1834 2916 μαστοῖσιν
1886 2848 2105 2915 μεθύων.

46 2940 198 2988 Babr.
259 2940 342 2999 89,
399 2942 427 2987 9
470 2937 604 3004 θηλὴ
663 2937 904 3004 μεθύσκει
964 2938 1213 3002 (inebriat,
1271 2940 1379 2997 alit)
1442 2936 1578 3003 μέχρι
1635 2942 1730 2986 νῦν
1780 2954 1838 3000 με
1887 2933 2105 3004 μητρῴη.

11 3067 15 3070 .
46 3026 327 3087 Epitheton
370 3022 571 3093 μητρῴη
611 3028 674 3073 ad
720 3044 898 3075 nomen
939 3022 1074 3089 θηλή
1101 3009 1387 3073 adiunctum
1415 3033 1489 3072 est
1528 3025 1675 3072 etiam
1714 3041 1742 3070 a
1768 3025 1947 3085 Longo
1987 3024 2028 3083 Ι,
2055 3023 2104 3080 2,

50 3111 96 3170 2,
137 3119 185 3157 et
223 3127 252 3157 a
289 3111 544 3171 Procopio
586 3113 727 3173 epist.
769 3115 850 3160 38.

193 3192 343 3244 Babr.
388 3199 467 3256 75,
508 3199 537 3245 3
578 3194 676 3245 ἀλλ’
728 3196 814 3264 ἔσῃ
866 3194 1002 3264 ῥᾴων
1054 3199 1386 3244 convalesces.
1465 3197 1644 3244 Suidas
1695 3196 1916 3258 explicat
1953 3190 2107 3261 ρᾴωνῖ

48 3276 384 3345 εὐθυμότερος
431 3280 514 3330 καὶ
556 3279 786 3346 ἀπήμων.
866 3284 1026 3344 Saepe
1065 3283 1261 3329 Erotici
1299 3283 1358 3328 de
1398 3283 1474 3341 iis,
1512 3283 1682 3343 quiex
1711 3282 1893 3328 amoris
1921 3281 2099 3327 ardore

49 3368 420 3427 convalescunt,
461 3369 692 3414 dixerunt
743 3364 900 3434 ῥᾴονα
947 3364 1200 3432 γενέσθαι,
1239 3364 1508 3432 γεγονέναι,
1567 3365 1690 3433 ῥᾷον
1738 3363 1879 3430 ἔχειν.
1918 3365 2101 3412 Achill.

48 3450 164 3496 Tat.
203 3451 273 3507 II,
315 3453 358 3509 7,
401 3454 445 3498 3.
489 3453 536 3511 8,
579 3455 626 3499 1.
666 3453 728 3510 V,
770 3455 854 3511 22,
900 3454 944 3499 8.
987 3452 1248 3500 Heliodor.
1288 3454 1328 3512 I,
1381 3454 1426 3500 8.
1466 3453 1584 3511 VII,
1625 3454 1705 3500 16.
1748 3450 1933 3499 Charit.
1971 3450 2011 3506 I,
2054 3451 2098 3496 3,

46 3536 91 3592 3,
130 3536 216 3581 ubi
255 3536 586 3584 conferendus
627 3537 935 3584 D'Orvillius
978 3554 1086 3597 pag.
1126 3539 1207 3586 40.
1250 3538 1394 3585 Adde
1432 3538 1557 3584 Luc.
1595 3538 1751 3585 abdic.
1776 3538 1853 3582 32.
1873 3533 2098 3592 Philops.

20 3619 87 3664 6.
129 3621 208 3667 29.
253 3621 430 3684 Synes.
475 3639 550 3683 ep.
595 3624 709 3668 114.
749 3640 794 3684 p.
841 3624 956 3682 254,
1013 3623 1058 3669 d.
1110 3624 1425 3684 Quamquam
1462 3624 1558 3670 iam
1598 3624 1787 3688 priores
1826 3618 2097 3681 scriptores
