2190 4036
181 375 574 437 lexicographis:
617 391 828 435 quorum
856 375 1072 436 plurima
1098 375 1419 421 inveniuntur
1445 375 1491 421 in
1523 374 1706 423 Suidae
1731 377 1910 436 lexicO,
1947 363 2121 436 cuii,-

179 462 306 506 hanc
345 461 576 506 debemus
614 461 815 504 brevem
855 459 1109 504 notitiam:
1728 524 1731 525 ⁷
1858 509 1861 513 „
2128 444 2130 448 ,

310 542 530 606 Βαβρίας
584 538 611 605 ἢ
688 539 918 606 Βάβριος.
976 539 1190 604 μύθους,
1247 539 1356 605 ἤτοι
1414 540 1781 607 Μυθιοὶμβους.
1838 541 1931 592 εἰσὶ
1986 541 2154 611 γὰρ

164 625 461 691 χωλιοὶμβων
516 626 568 674 ἐν
607 626 822 690 βιβλίοις
873 626 902 672 ί.
943 618 1087 684 οὗτος
1125 625 1177 675 ἐκ
1229 631 1326 675 τῶν
1364 626 1662 676 Αἰσωπείων
1711 624 1893 691 μύθων
1938 626 2172 694 μκετέβυῄ

166 708 264 759 ἀπὸ
305 716 390 774 τῆς
429 709 593 760 αὐτῶν
632 711 919 777 λογοποιΐας
957 710 1026 769 εἰς
1064 710 1290 775 ἔμμετρα,
1329 708 1487 776 ’ἤγουν
1523 708 1638 770 τοὺς
1673 708 1999 777 χωλιοὶμβους.
2152 699 2154 701 ¹

315 796 498 846 Omnes
548 806 774 844 veterum
815 799 970 856 locos,
1022 798 1104 844 ubi
1143 798 1201 843 de
1241 798 1426 844 Babrio
1467 799 1644 859 agitur,
1701 798 1973 859 Babriique
2011 799 2088 848 fab

170 892 220 931 et
272 884 547 930 fabularum
586 883 874 943 fragmenta,
929 898 1055 942 quae
1094 883 1417 928 innotuerunt
1467 890 1580 930 ante
1617 898 1799 929 annum
1836 883 1979 930 huius
2017 901 2128 932 sae

169 969 596 1030 quadragesimum
680 967 903 1026 tertium,
980 968 1242 1028 diligenter
1318 968 1518 1028 collegit
1595 974 1745 1028 atque
1806 968 2136 1027 illustravit*
2174 991 2175 994 ¹

165 1054 450 1113 Knochius,
491 1053 633 1099 Halis
676 1051 825 1099 1835.
900 1053 995 1099 Illo
1024 1052 1218 1098 demum
1250 1068 1379 1098 anno
1409 1052 1634 1112 contigit,
1671 1058 1726 1098 ut
1749 1053 1908 1098 maior
1927 1053 2091 1100 sabula
2117 1039 2119 1042 ¹
2151 1084 2165 1108 v.

165 1141 468 1201 integrarum
508 1153 740 1184 numerus
780 1138 828 1183 in
856 1143 1024 1183 monte
1053 1137 1190 1183 Atho
1219 1153 1248 1183 a
1289 1137 1508 1183 Minoide
1536 1136 1687 1183 Mena
1711 1137 2040 1199 detegeretur,

167 1223 488 1287 provulgavit
515 1223 701 1284 primus
733 1222 1034 1268 Franciscus
1056 1221 1363 1268 Boissouade
1385 1237 1446 1268 ex
1468 1223 1761 1283 apographo
1778 1222 1970 1283 Menae,
1989 1206 2131 1283 Pars>
2167 1266 2171 1271 .,

167 1309 316 1356 1844.
346 1310 530 1355 Postea
557 1308 724 1355 statim
756 1323 853 1352 non
887 1307 1030 1367 pauci
1058 1306 1279 1352 homines
1302 1306 1436 1352 docti
1453 1322 1655 1367 operam
1680 1307 1927 1368 egregiam
1953 1309 2002 1355 in
2029 1294 2147 1362 Ba'

169 1395 329 1440 verbis
371 1394 418 1439 in
471 1393 732 1454 pristinum
785 1391 1099 1452 splendorem
1152 1391 1471 1438 restituendis
1525 1392 1916 1451 collocaverunt,
1954 1409 1980 1439 e
2019 1393 2186 1461 quis„

167 1479 404 1540 imprimis
470 1476 682 1523 Carolus
732 1477 1018 1523 Lachmann
1077 1476 1406 1523 nominandus
1461 1483 1550 1534 est,
1607 1476 1955 1524 cuiuseditio
2012 1463 2179 1540 pros·

166 1563 386 1609 Bel-oliui
430 1561 578 1610 1845.
658 1563 924 1608 Praeterea
963 1578 1293 1609 commemoro
1335 1561 1602 1608 editionem
1645 1562 1956 1608 Levisianam
1985 1557 2179 1622 (Oxv

170 1647 341 1707 1846),
378 1655 426 1694 et
469 1647 981 1694 Schneidewinianam
1032 1647 1250 1708 {Lipsiae
1308 1640 1483 1711 1865),
1539 1662 1600 1694 ex
1659 1663 1758 1708 qua
1813 1662 1905 1707 ego
1958 1662 2016 1693 ea
2071 1657 2181 1707 qs¹

167 1733 371 1779 afferam
424 1732 655 1792 excripsi.
731 1732 961 1792 Denique
1014 1733 1179 1793 magni
1231 1732 1467 1778 momenti
1516 1739 1590 1779 est
1637 1732 1696 1795 iis
1750 1732 2072 1793 potissimum,

165 1825 270 1863 arte
322 1818 493 1863 critica
557 1816 794 1863 Babrium
834 1824 1050 1863 tractare
1103 1818 1291 1876 volunt,
1342 1817 1493 1862 editio
1550 1816 1753 1878 Bergkii
1805 1817 2072 1864 novissima
2105 1808 2164 1869 Ξ(

164 1902 510 1963 „Anthologia
578 1900 824 1963 Lyrica“),
876 1902 938 1947 ad
996 1918 1176 1948 novam
1236 1901 1423 1948 codicis
1481 1902 1640 1948 Athoi
1699 1902 2029 1961 collationem,
2066 1917 2096 1948 a

165 1987 426 2032 Dindorfio
468 1987 742 2032 institutam
782 1982 862 2046 (cf.
903 1986 1085 2033 Philol.
1125 1987 1294 2033 XVII.
1334 2004 1381 2048 p.
1424 1986 1700 2047 321—27>,
1738 2003 1989 2049 expressa.
2132 2050 2135 2053 .
2168 2047 2173 2054 J

310 2072 545 2118 Babrium
620 2072 772 2117 latine
841 2071 1054 2123 1eddidit
1112 2071 1495 2130 Boissonadius,
1551 2072 1601 2117 in
1659 2078 1885 2119 nostrum
1921 2089 2115 2120 sermon
2168 2079 2172 2081 ’

169 2158 533 2203 transtulerunt
585 2156 969 2216 Hertzbergius,
1008 2156 1153 2203 Halis
1185 2157 1340 2215 1846,
1363 2157 1426 2203 A.
1451 2156 1764 2216 Ribbeckius,
1793 2157 2014 2203 Berolini
2045 2157 2134 2223 18,

179 2241 225 2286 H
232 2242 507 2302 trtunglus
546 2242 746 2303 Lipsiae
788 2241 937 2288 1858.

315 2324 487 2372 Codex
528 2327 728 2373 Athous
769 2342 798 2371 a
835 2327 1057 2373 Minoide
1096 2327 1245 2374 Mena
1283 2328 1582 2374 Londinium
1635 2333 1929 2395 apportatus
1982 2334 2071 2385 est,

171 2411 320 2456 etiam
361 2428 490 2457 nunc
529 2412 577 2457 in
618 2427 787 2458 museo
821 2411 1112 2458 Britannico
1152 2420 1393 2458 servatur.
1459 2411 1571 2459 Una
1598 2428 1706 2458 cum
1733 2413 1827 2459 hoc
1854 2413 2023 2485 codice
2048 2343 2146 2458 alii*

167 2496 387 2541 codicem
426 2496 600 2544 Menas
652 2506 754 2543 tum
795 2497 1031 2554 vendidit,
1072 2498 1157 2557 qui
1197 2497 1417 2543 continet
1444 2496 1630 2544 fabulas
1665 2497 1937 2557 nonaginta
1962 2497 2120 2558 quinq

169 2596 295 2640 quae
335 2582 531 2641 quidem
572 2590 736 2628 utium
777 2582 1027 2642 genuinae
1067 2598 1126 2628 an
1167 2582 1523 2643 suppositiciae
1549 2581 1662 2640 sint,
1701 2581 1860 2628 adhuc
1888 2583 2120 2628 vehemen

169 2666 449 2727 ambigitur.
503 2667 780 2727 Equidem,
838 2667 1066 2726 quamvis
1106 2667 1164 2713 iis
1192 2667 1420 2712 assentiri
1449 2666 1705 2725 voluerim,
1733 2666 1819 2725 qui
1846 2666 1989 2715 istam
2016 2682 2114 2713 nov
2085 2586 2185 2734 vg

170 2750 510 2797 collectionem
551 2768 579 2797 a
617 2752 806 2797 Babrio
848 2768 945 2798 non
986 2751 1283 2810 abiudicant,
1323 2767 1438 2798 raro
1478 2759 1637 2798 tamen
1678 2767 1735 2796 ea
1774 2758 1924 2810 atque
1963 2756 2186 2814 cautey
2149 2746 2172 2760 “

167 2837 582 2882 commentatione
622 2852 729 2882 mea
770 2852 887 2882 usus
927 2852 1049 2882 sum.
2096 2866 2099 2867 ν
2148 2854 2177 2907 3

315 2920 423 2968 Nec
461 2923 619 2983 magis
658 2922 788 2967 inter
830 2922 1052 2967 homines
1103 2922 1277 2967 doctos
1319 2922 1565 2979 convenit,
1603 2921 1721 2980 quid
1759 2921 1818 2966 de
1843 2926 2004 2966 aetate
2029 2915 2185 2994 BabQ

173 3006 571 3052 constituendum
611 3006 689 3052 sit.
729 3007 891 3063 Quam
931 3006 1028 3052 sint
1068 3006 1316 3066 ambigua,
1374 3022 1500 3066 quae
1550 3006 1608 3050 de
1648 3021 1704 3051 ea
1744 3021 1796 3052 re
1835 3005 2032 3066 prolata
2071 2996 2184 3083 sun}

174 3092 250 3136 vel
289 3107 349 3137 ex
389 3092 486 3138 hoc
527 3091 750 3152 intellegi
790 3097 968 3152 potest,
1011 3090 1146 3150 quod
1183 3092 1456 3137 sententiae
1507 3092 1635 3136 inter
1674 3090 1876 3136 tertium
1929 3096 2042 3136 ante
2081 3079 2187 3170 Chffff.

170 3177 418 3221 saeculum
489 3183 538 3221 et
596 3182 828 3235 quaitum
881 3182 1082 3222 nostrae
1122 3176 1299 3222 aetatis
1357 3176 1607 3221 saeculum
1662 3175 1917 3221 fluctuant.
1992 3156 2188 3237 0003δέ

170 3262 349 3320 quibus
392 3261 497 3307 nixi
536 3261 759 3307 homines
799 3260 933 3306 docti
973 3261 1031 3305 de
1071 3267 1232 3306 aetate
1285 3260 1391 3305 vita
1430 3258 1593 3320 patria
1629 3258 1802 3304 Babrii
1864 3257 2189 3326 coniecelunt.

171 3346 349 3406 partim
407 3346 588 3406 petitae
640 3352 757 3391 sunt
814 3361 875 3390 ex
936 3346 1084 3391 rebus
1143 3345 1434 3406 personisve
1473 3360 1503 3389 a
1540 3343 1724 3389 Babrio
1783 3330 2189 3411 commemorat}

169 3431 348 3491 partim
407 3446 469 3477 ex
527 3446 760 3476 versuum
810 3430 1019 3488 ratione,
1072 3429 1254 3490 partim
1291 3445 1352 3475 ex
1409 3428 1648 3474 sermonis
1686 3443 1792 3473 usu.
1869 3426 1967 3474 Sed
2006 3440 2134 3486 quae
2152 3439 2190 3499 Ji

172 3530 498 3576 personarum
549 3515 798 3560 mentione
837 3516 916 3560 vel
963 3530 988 3560 e
1044 3514 1417 3574 quaestionibus
1464 3512 1679 3559 metricis
1718 3511 1828 3557 elici
1865 3525 2011 3572 posse
2047 3503 2190 3577 duxd-

169 3610 300 3658 runt,
358 3615 415 3645 ea
467 3606 553 3645 aut
590 3599 699 3660 ipsa
738 3599 1006 3645 incertiora
1042 3605 1154 3644 sunt
1195 3613 1340 3658 quam
1381 3613 1506 3657 quae
1545 3604 1766 3660 tempore
1804 3595 1972 3655 aliquo
2012 3586 2190 3671 includi

1827 3774 1845 3784 l
