2332 4134
1127 297 1478 352 -32-

630 437 873 511 <πατῶν>
915 439 958 490 τ’
997 439 1220 502 έπειρᾶτ’
1260 438 1390 490 αὐτὸ
1430 441 1847 502 ςυγκατατρῖψαι.

626 528 842 579 διπλοῦν
881 526 940 576 δὲ
979 527 1143 587 μῆλον
1179 523 1463 587 γενόμενον
1503 523 1771 586 θεωρήςας

628 612 861 675 ἐπέβαινε
899 611 1094 672 μᾶλλον
1131 608 1274 660 καῦτ’
1312 607 1458 659 ἔπαιε
1495 612 1571 676 τῷ
1612 607 1854 676 ῥόπτρῳ·
2291 623 2320 667 5

625 697 685 748 τὸ
726 698 785 748 δὲ
823 696 951 758 μέγα
988 697 1170 759 φυςῶν
1208 695 1301 757 τὴν
1340 692 1474 745 ὁδὸν
1511 694 1878 758 καταφράττει.

626 782 783 846 ῥίψας
820 781 882 832 τὸ
923 780 1160 844 ῥόπαλον
1198 778 1453 842 Ἡρακλῆς
1490 780 1810 843 τεθαμβήκει.

627 873 703 935 τῷ
744 867 803 918 δὲ
841 868 1119 929 προςεῖπεν
1156 863 1439 929 έπιφανεῑς’
1475 863 1744 927 Ἀθηναίη·

626 949 874 1012 “πέπαυς’,
913 949 1134 1014 ἀδελφέ·
1173 949 1285 1002 τόδ’
1324 949 1428 1014 ἔρις
1467 949 1569 1001 έςτὶ
1608 950 1691 1001 καὶ
1727 951 1924 1002 νεῖκος·

629 1036 897 1101 ἀμάχητον
936 1036 1135 1100 ἐμμένει
1171 1036 1271 1099 γὰρ
1311 1035 1427 1087 οἷον
1463 1034 1528 1098 ἦν
1569 1039 1800 1099 πρῶτον,
2268 1046 2321 1088 10

627 1123 828 1186 μάχαιςι
866 1121 911 1174 δ’
951 1120 1022 1172 εἰς
1058 1125 1280 1173 τοςοῡτο
1319 1122 1537 1185 μέγεθος
1575 1119 1821 1173 οἰδεῑται.’
1903 1131 1905 1134 “

698 1206 878 1275 [ἔριδες
904 1208 1059 1271 μαχαί
1096 1207 1147 1258 τ’,
1179 1206 1267 1259 εἰς’
1291 1207 1457 1259 ἀἰτίαι
1494 1207 1716 1272 μεγάλης
1755 1191 1979 1275 βλάβης]

624 1507 870 1569 Ἔχιδναν
909 1506 1058 1567 ἐγγὺς
1097 1506 1414 1558 ἑκπνέουςαν
1452 1506 1508 1558 ἐκ
1545 1506 1749 1570 ψύχους

627 1591 797 1654 εὑρὼν
833 1592 1068 1655 γεωργὸς
1104 1589 1486 1661 <περι>έθαλψε
1523 1597 1599 1659 τῷ
1639 1591 1833 1660 κόλπῳ.

626 1678 697 1729 ὡς
736 1676 782 1729 δ’
821 1677 1043 1741 ὡμάλιζε
1083 1679 1211 1741 χειρὶ
1249 1679 1342 1741 τὴν
1382 1678 1724 1739 ἁπλωθεῖςαν,

627 1765 855 1814 δακοῦςα
891 1763 986 1814 τὸν
1022 1764 1261 1827 γεωργὸν
1299 1762 1381 1827 ἥδ’
1416 1762 1674 1832 ἀνῃρήκει.

457 1862 572 1913 Ὅτι
610 1861 761 1926 ἀνδρὶ
798 1866 1014 1930 πονηρῷ
1051 1862 1176 1925 μήτε
1214 1865 1383 1914 καλῶς
1421 1862 1706 1926 πράττοντι
1751 1862 1877 1926 μήτε
1916 1861 2135 1925 φαύλως
2170 1859 2322 1924 χάριν

288 1948 578 2016 παράςχῃς’
618 1948 649 2010 ἡ
676 1948 775 2011 γὰρ
803 1948 1009 2011 πονηρὰ
1049 1948 1196 2012 φύςις
1235 1947 1348 2000 ἀντὶ
1387 1946 1602 2010 ἀγαθῶν
1637 1947 1844 2011 πονηρὰ
1883 1944 2321 1999 ἀνταποδίδωςιν·

289 2034 512 2097 χρηςτόν
549 2033 647 2096 γὰρ
685 2031 814 2095 ἦθος
853 2034 915 2083 οὐ
954 2032 1120 2085 τίκτει.

1243 2220 1361 2275 148

631 2316 789 2369 Εἶπεν
827 2318 1034 2385 κορώνῃ
1061 2316 1252 2387 <ποτὲ>
1283 2319 1536 2382 χελιδονὶς
1573 2321 1763 2370 ταῦτα·

624 2398 746 2464 εἐγὼ
777 2400 900 2471 <μέν
939 2400 1066 2471 εἰμι>
1108 2404 1369 2467 παρθένος
1404 2401 1532 2472 <γ’>,
1570 2401 1830 2465 Ἀθηναίη,

628 2488 878 2552 βαςίλιςςα
914 2489 998 2540 καὶ
1035 2492 1154 2540 παῖς
1194 2490 1438 2553 βαςιλέως
1475 2486 1797 2551 Ἀθηναίων’

626 2574 913 2636 προςέθηκε
951 2575 1033 2625 καὶ
1069 2577 1164 2626 τοῦ
1202 2575 1414 2637 Τηρέως
1449 2571 1670 2642 <κακὴν>
1707 2573 1854 2637 ὕβριν

627 2658 710 2709 καὶ
748 2660 843 2722 τὴν
875 2657 1094 2727 (ἑαυτῆς
1133 2656 1339 2727 ἔλεγεν>
1382 2658 1660 2722 ἀποκοπὴν
1695 2658 1934 2720 γλώςςης.
2295 2665 2327 2707 5.

456 2900 507 2938 10
537 2897 636 2941 οἷον
658 2898 716 2950 ῆν
738 2902 930 2953 πρῶτον
963 2904 1005 2940 et
1028 2902 1077 2940 11
1111 2898 1306 2942 οἰδεῖται
1333 2914 1535 2941 versuum
1553 2899 1771 2940 clausuIOS
1794 2911 1889 2939 esse
1907 2897 2020 2939 vidit
2037 2894 2329 2938 Eberhardusx

291 2952 362 3008 12]
411 2957 690 3008 epimythium
738 2970 835 2996 eum
880 2959 1069 2998 numeris
1116 2959 1316 2998 iambicis
1354 2958 1484 2998 valde
1522 2958 1670 2998 faveat
1709 2959 1840 2997 etiam
1875 2955 2034 2996 iambis
2073 2963 2326 3008 expressam

285 3012 421 3052 fuisse
451 3013 564 3052 hanc
592 3013 786 3053 fabulam
815 3014 1007 3054 indicare
1036 3014 1206 3054 videtur

456 3082 539 3126 147
581 3083 678 3126 842
723 3083 999 3135 Ἔχιδναν
1037 3084 1097 3126 ἐκ
1134 3087 1219 3126 τοῦ
1259 3086 1483 3138 ψύχους
1528 3084 1888 3127 ἑκπνέουςαν
1926 3083 2018 3136 ἤδη
2056 3078 2330 3135 γεωργὸε

288 3137 481 3192 εὑρὼν
521 3139 573 3180 ἑν
609 3143 686 3194 τῷ
728 3140 918 3194 κόλπῳ
961 3141 1226 3194 ἔθαλψεν.
1277 3142 1306 3194 ἡ
1340 3142 1390 3184 δὲ
1422 3142 1759 3184 ἁπλωθεῖςα
1789 3141 1865 3182 καὶ
1894 3142 1981 3183 τοῦ
2010 3140 2227 3193 γεωργοῦ
2257 3139 2319 3190 τῇ

288 3196 440 3249 χειρὶ
470 3196 653 3248 ταύτην
686 3195 937 3248 ὁμαλίςαι
969 3198 1281 3250 βουληθέντος
1314 3199 1567 3240 δακοῦςα
1597 3201 1772 3241 τοῦτον
1803 3196 2086 3240 ἀπέκτεινεν.
2115 3215 2175 3226 -
2211 3196 2329 3235 1-4-

287 3257 387 3292 rest.
421 3251 451 3296 G
595 3255 641 3293 in
671 3256 795 3306 epim.
830 3254 907 3305 (=
944 3255 974 3296 Β
1005 3257 1236 3308 promyth)
1273 3257 1379 3296 latet
1410 3257 1679 3296 choliambus
1718 3255 1854 3308 φύςις
1891 3252 2077 3309 πονηρὰ
2114 3249 2318 3306 χρηςτὸν

290 3307 405 3359 ἦθος
436 3309 490 3350 οὐ
524 3307 679 3352 τίκτει.
712 3311 766 3351 cf.
787 3311 874 3350 fab.
901 3313 981 3351 144
1093 3311 1352 3365 πράττοντι
1381 3311 1556 3366 Knoell]
1586 3312 1813 3366 πράττων
1845 3312 1877 3355 Β

455 3380 544 3424 148
575 3381 672 3424 845
704 3398 756 3416 =
790 3381 910 3424 [³381
942 3398 996 3417 =
1027 3380 1152 3425 0423
1200 3382 1444 3435 (Eberhard
1473 3398 1513 3437 p.
1549 3385 1642 3434 186,
1675 3386 1716 3432 5)
1763 3381 1816 3425 ‘H
1850 3390 1950 3424 (οτι).
1982 3379 2075 3431 fc)
2118 3378 2320 3433 χελιδὼν

289 3434 382 3486 ἔφη
423 3437 538 3489 πρὸς
574 3438 663 3490 τὴν
702 3438 808 3490 (τὴν
841 3452 922 3478 om.
956 3437 1050 3487 FC)
1092 3439 1383 3492 κορώνην·
1422 3441 1556 3492 “ἑγὼ
1597 3439 1890 3494 παρθένος
1927 3437 2005 3481 καὶ
2041 3433 2329 3489 Ἀθηναία»

287 3492 365 3532 καὶ
407 3492 699 3543 βαςίλιςςα
744 3495 836 3536 καὶ
878 3494 1158 3547 βαςιλέως
1196 3499 1294 3538 τῶν
1333 3497 1548 3550 Ἀθηνῶν
1589 3496 1812 3550 θυγάτηρ.
1860 3496 1938 3538 καὶ
1978 3494 2075 3542 (καὶ
2109 3507 2191 3536 om.
2226 3491 2330 3545 fc)-

289 3548 612 3602 προςέθηκε
645 3551 712 3601 (δὲ
744 3553 842 3594 add.
876 3551 968 3601 fc)
1009 3552 1084 3592 καὶ
1124 3552 1209 3594 τὸν
1240 3551 1397 3607 Τηρέα
1435 3555 1510 3595 καὶ
1552 3554 1662 3595 (καὶ
1697 3557 1799 3595 τοῦ
1829 3551 2067 3606 Τηρέως
2097 3549 2192 3603 fc)
2229 3548 2332 3602 τὴν·

292 3603 394 3656 βίαν
425 3607 500 3647 καὶ
530 3607 636 3658 τὴν
667 3606 971 3661 ἀποκοπὴν
1001 3610 1086 3660 τῆς
1115 3609 1394 3662 γλώττης.
1426 3612 1501 3652 καὶ
1533 3611 1561 3662 ἡ
1595 3610 1806 3664 κορώνη·
1836 3607 1912 3651 ζτί
1941 3607 2028 3651 ἄν’
2058 3607 2151 3660 ἔφη
2185 3605 2319 3659 (ἔφη’

287 3659 347 3703 <τί
377 3661 435 3703 ἂν
469 3662 559 3710 ΡΟ)
593 3663 824 3717 ἐποίηςας,
855 3662 895 3707 εἰ
924 3665 1031 3717 τὴν
1061 3666 1331 3717 γλῶτταν
1362 3668 1501 3720 εἶχες,
1538 3667 1682 3709 ὅπου
1713 3664 2029 3719 τμηθείςης
2057 3665 2330 3706 τοςαῦται

287 3719 328 3815 ἒ
326 3730 357 3815 (ιι)
365 3719 453 3815 A?
467 3731 489 3760 c
488 3752 513 3816 ἆ
522 3718 532 3732 ’
565 3720 596 3762 Β
613 3720 641 3764 f
658 3719 688 3765 ὓ
731 3742 789 3752 -
835 3724 942 3762 1-’7
975 3727 1073 3764 rest.
1107 3721 1136 3764 G
1254 3725 1278 3762 2
1300 3725 1345 3764 in
1361 3722 1583 3777 Ἀθηναία
1613 3725 1854 3764 clausulam
1876 3735 2027 3764 versus
2050 3722 2185 3763 latere
2210 3719 2323 3761 vidit

362 3788 406 3815 er
438 3789 485 3816 ar
516 3789 566 3816 us
2312 3791 2315 3810 ³
