2332 4134
891 289 1247 341 „31-

382 437 626 488 ἐντεῦθεν
663 434 887 498 Ἄραβές
926 432 1063 493 εἰςιν,
1104 431 1177 483 ῶς
1216 430 1515 494 ἐπειράθην,

379 521 596 586 ψεῦςταί
635 537 692 572 τε
731 520 815 572 καὶ
851 518 1064 581 γόητες,
1103 516 1180 569 ὧν
1219 517 1304 569 ἐπὶ
1340 517 1570 579 γλώςςης

379 606 541 660 οὐδὲν
579 606 800 669 κάθηται
839 605 979 670 ῥῆμα
1015 606 1108 668 τῆς
1147 601 1405 666 ἀληθείης.

378 863 512 916 Ζεὺς
552 862 610 914 ἐν
647 862 786 930 πίθῳ
824 861 890 913 τὰ
929 861 1123 925 χρηςτὰ
1162 859 1335 912 πάντα
1374 859 1615 911 ςυλλέξας

375 948 561 1011 ἔθηκεν
598 946 764 1000 αὐτὸν
802 933 1055 1010 πωμάςας
1093 945 1217 1009 παρ’
1256 944 1540 1013 ἀνθρώπῳ.

377 1034 407 1087 ὁ
448 1032 495 1087 δ’
533 1032 763 1098 ἀκρατὴς
803 1031 1090 1096 ἄνθρωπος
1131 1031 1325 1084 εἰδέναι
1363 1030 1606 1082 ςπεύδων

375 1121 423 1172 τί
461 1119 580 1172 ποτ’
616 1118 683 1183 ἦν
721 1119 778 1171 ἐν
818 1119 964 1186 αὐτῷ
1003 1118 1088 1170 καὶ
1125 1118 1189 1170 τὸ
1227 1119 1387 1181 πῶμα
1425 1116 1633 1179 κινήςας

375 1204 508 1270 διῆκ’
547 1204 793 1258 ἀπελθεῖν
833 1203 967 1256 αὐτὰ
1004 1203 1141 1267 πρὸς
1179 1205 1319 1255 θεῶν
1357 1200 1551 1254 οἴκους.
2071 1214 2096 1251 5

375 1291 544 1360 [κάκεῖ
580 1292 822 1344 πέτεςθαι
859 1293 953 1353 τῆς
990 1306 1047 1342 τε
1085 1292 1180 1353 γῆς
1220 1288 1332 1341 ἄνω
1372 1286 1625 1355 φεύγειν.]

373 1376 507 1441 μόνη
547 1376 594 1429 δ’
633 1375 833 1441 ἔμεινεν
873 1375 1033 1437 ἐλπίς,
1069 1376 1136 1439 ἣν
1174 1374 1477 1438 κατειλήφει

373 1464 526 1515 τεθὲν
563 1463 625 1515 τὸ
665 1464 838 1526 πῶμα.
881 1461 1066 1524 τοιγὰρ
1107 1461 1251 1513 ἐλπὶς
1290 1459 1596 1524 ἀνθρώποις

373 1550 506 1612 μόνη
547 1549 744 1601 ςύνεςτι
782 1550 890 1599 τῶν
928 1546 1280 1612 πεφευγότων
1319 1546 1455 1610 ἥμας

373 1634 590 1697 ἀγαθῶν
630 1634 848 1686 ἕκαςτον
887 1632 1189 1696 ἐγγυωμένη
1232 1632 1433 1684 δῶςειν.
2046 1643 2098 1682 10

1021 1789 1102 1845 59

372 1891 507 1944 Ζεὺς
546 1891 630 1942 καὶ
665 1889 957 1951 Ποςειδῶν,
998 1890 1152 1955 φαςί,
1191 1891 1274 1942 καὶ
1313 1890 1458 1954 τρίτη
1499 1889 1708 1942 τούτοις

372 1977 504 2042 ἤρα’
544 1976 753 2039 Ἀθηνᾶ,
792 1976 867 2028 τίς
906 1976 1069 2028 καλόν
1108 1993 1156 2028 τι
1194 1978 1411 2040 ποιήςει.

369 2066 508 2116 ποιεῖ
545 2064 639 2127 μὲν
677 2061 708 2115 ὃ
749 2061 884 2114 Ζεὺς
923 2062 1342 2126 ἐκπρεπὲςτατον
1380 2066 1541 2129 ζῷον,

374 2149 680 2213 ἄνθρωπον,
718 2148 750 2212 ἡ
791 2151 851 2202 δὲ
887 2147 1104 2200 Παλλὰς
1144 2147 1294 2200 οἶκον
1334 2147 1654 2212 ἀνθρώποις,

372 2236 403 2288 ὁ
444 2234 490 2288 δ’
529 2235 595 2288 αὖ
633 2232 909 2288 Ποςειδῶν
945 2237 1159 2298 ταῦρον.
1208 2236 1370 2302 ᾑρέθη
1410 2234 1618 2287 τούτοις
2067 2247 2091 2284 5

372 2322 547 2385 κριτὴς
586 2320 616 2373 ὁ
654 2321 885 2385 Μῶμος·
926 2319 1000 2372 ἔτι
1037 2320 1138 2384 γὰρ
1180 2320 1237 2371 έν
1277 2323 1418 2372 θεοῖς
1458 2322 1595 2389 ᾤκει.

371 2406 635 2470 κάκεῖνος,
675 2407 748 2459 ὡς
785 2407 1014 2471 πέφυκε,
1055 2406 1258 2458 πάντας
1297 2407 1593 2471 ἐχθραίνων

373 2496 589 2557 πρῶτον
629 2495 725 2558 μὲν
763 2494 919 2545 εὐθὺς
957 2492 1149 2557 ἔψεγεν
1188 2494 1255 2547 τὸμ
1292 2496 1388 2545 τοῦ
1427 2494 1644 2558 ταύρου,

369 2582 477 2632 τῶν
516 2578 769 2644 ὀμμάτων
806 2580 872 2631 τὰ
910 2581 1107 2644 κέρατα
1143 2581 1212 2644 μὴ
1253 2579 1396 2631 κάτω
1435 2582 1646 2640 κεῑςθαι,

369 2665 547 2740 ῶς-ἂν
586 2666 797 2730 βλέπων
834 2665 1048 2718 ἔτυπτε·
1086 2667 1182 2717 τοῦ
1223 2666 1281 2717 δέ
1319 2665 1366 2727 γ>
1397 2665 1703 2729 ἀνθρώπου,
2040 2675 2093 2714 10

371 2752 438 2814 μὴ
478 2754 615 2814 ςχεῑν
653 2751 871 2814 θυρωτά
909 2751 1027 2815 μηδ>
1067 2751 1285 2804 ἀνοικτά
1325 2751 1390 2803 τὰ
1429 2751 1605 2814 ςτήθη,

371 2836 444 2888 ὡς
482 2835 548 2888 ἂν
587 2837 767 2901 βλέποι
805 2837 867 2889 τὸ
906 2841 1003 2890 τοῦ
1043 2839 1222 2899 πέλας,
1261 2838 1307 2888 τί
1349 2838 1617 2902 βουλεύοι·

370 2925 462 2985 τῆς
500 2920 663 2985 οἰκίης
702 2923 785 2984 δέ,
824 2924 891 2988 μὴ
931 2923 1159 2987 τροχοὺς
1199 2923 1492 2987 ςιδηρείους

370 3007 427 3059 ἐν
463 3010 574 3060 τοῖς
613 3009 866 3073 θεμελίοις
902 3011 1197 3072 γεγονέναι,
1237 3010 1438 3062 τόπους
1476 3008 1520 3060 τ’
1561 3008 1753 3060 ἄλλους

370 3094 746 3159 ςυνεξαμείβειν
785 3095 1109 3147 δεςπόταιςιν
1150 3096 1392 3160 ἑκδήμοις
2038 3107 2089 3145 15

373 3176 491 3247 <καὶ
525 3180 715 3240 γείτον’
754 3179 996 3245 εὐμαρῶς
1034 3182 1273 3245 πονηρὸν
1316 3179 1638 3248 ἑκφεύγειν.>

201 3337 256 3375 14
285 3333 517 3387 ἀληθείας
549 3336 614 3380 Αἱ
690 3339 858 3379 12--14
886 3338 943 3378 cf.
971 3338 1008 3382 Β
1037 3339 1251 3392 promyth.

26 3435 29 3439 ,
197 3391 261 3436 58
290 3391 325 3436 Α
354 3394 618 3435 Harleianus
642 3396 752 3435 3521
785 3393 1079 3450 (T[yrwhitt])·
1107 3396 1210 3439 844
1229 3413 1285 3433 =
1311 3395 1438 3442 (2360
1468 3417 1527 3427 —
1557 3395 1614 3450 [6]
1639 3396 1868 3437 Eberhard
1957 3407 2009 3438 τε
2030 3393 2081 3448 Α]

29 3445 80 3491 δὲ
108 3447 143 3492 Τ
231 3447 489 3503 κατείληφε
521 3450 555 3494 Τ
643 3453 783 3492 7-10
814 3453 869 3492 cf.
899 3452 932 3496 Β
963 3454 1180 3506 promyth.

196 3505 259 3550 59
289 3505 325 3551 Α
359 3507 458 3552 843
488 3524 546 3543 =
574 3506 731 3552 (21902
763 3508 886 3552 {²275
917 3525 972 3545 =
1004 3508 1159 3553 (31901
1190 3527 1247 3546 =
1276 3511 1389 3565 Aug.
1416 3512 1496 3551 100
1541 3532 1599 3543 —-
1648 3514 1674 3552 3
1705 3511 1844 3556 ζώων
1876 3510 2085 3550 Duebner

29 3562 57 3603 5
82 3560 229 3617 ἠρέθη
252 3562 303 3631 Α,
375 3566 398 3604 7
432 3565 498 3607 ὡς
527 3564 725 3618 πέφυκε,
756 3565 940 3608 πάντας
971 3565 1237 3621 ἑχθραίνων
1269 3567 1304 3612 Α
1335 3569 1533 3609 distinxit
1563 3567 1613 3622 G]
1649 3568 1714 3611 ὡς
1743 3568 1939 3621 πέφυκε,
1969 3565 2084 3609 πάν-

27 3629 115 3662 τας
142 3618 407 3675 ἑχθραινειν
437 3621 744 3663 Schneidewin
834 3626 894 3664 12
915 3622 1076 3676 βλέποι
1104 3624 1161 3666 τὸ
1191 3628 1278 3667 τοῦ
1312 3623 1364 3680 G]
1399 3624 1616 3677 βλέποιτο
1647 3625 1734 3668 τὸν
1756 3625 1791 3670 Α
1822 3623 1982 3678 βλέποι
2012 3634 2083 3665 τις

27 3673 114 3718 τὸν
133 3677 279 3732 Bergk
309 3679 456 3719 Baiter
555 3682 607 3720 13
630 3677 776 3722 οἰκίας
797 3679 832 3723 Α
931 3683 983 3721 14
1004 3679 1046 3722 τ’
1070 3679 1121 3736 G]
1153 3682 1192 3724 δ’
1215 3682 1250 3725 Α
1280 3697 1363 3725 om.
1384 3683 1526 3723 Boiss.
1626 3679 1704 3738 (16
1752 3681 1802 3736 Β]
1837 3696 1920 3724 om.
1943 3680 1978 3725 Α
2006 3679 2085 3722 ἵνα

27 3732 226 3777 καὶτοῖς
248 3734 496 3778 δεςπόταις
529 3735 827 3789 ςυνεξεὸήμει
855 3738 931 3779 καὶ
961 3735 1154 3789 γείτονα
1185 3740 1400 3793 πονηρὸν
1431 3738 1686 3791 ἑξέφευγεν
1771 3738 1864 3790 ἵνα,
1895 3738 1980 3781 ἐὰν
2001 3749 2082 3780 πο-

29 3792 162 3844 νηρῷ
186 3803 257 3834 τις
278 3794 551 3845 παροικιςθῆ
581 3791 773 3845 γείτονι,
806 3792 981 3847 ῥᾳδίως
1015 3795 1273 3850 μεταβαίνῃ
1297 3794 1579 3851 (καταβαίνῃ
1604 3795 1653 3849 f)
1678 3793 1871 3851 FcAug.
1898 3796 2082 3838 eundem
