2332 4134
967 293 1322 341 *ίῶ*

456 435 539 484 καὶ
579 434 642 495 δὴ
684 436 1091 497 ςυνηθροίζοντο
1132 435 1266 496 πρὸς
1307 436 1476 497 μάχην
1515 436 1615 498 ἤδη

456 518 628 582 κέρατ’
668 519 1038 572 ἀποξύναντες.
1081 521 1151 572 εἷς
1191 522 1247 572 δέ
1288 538 1361 572 τις
1401 522 1513 583 λίην

453 606 626 669 γέρων
667 606 722 657 ἐν
762 606 940 658 αὐτοῖς
980 608 1150 658 πολλὰ
1189 610 1285 670 γῆν
1326 607 1647 670 ἀροτρεύςας
2152 626 2175 661 3

458 691 629 744 ‘ofirot
669 694 763 756 μὲν
800 692 960 755 ἡμᾶς’
1006 691 1119 744 εἶπε
1160 692 1357 756 <χερςὶν
1399 695 1660 758 ἐμπείροις

455 778 705 829 κόπτουςι
743 780 824 829 καὶ
864 778 1119 842 ςφάζουςι
1159 779 1319 841 χωρὶς
1359 779 1554 841 αἰκίης·

452 865 517 928 ἢν
558 863 603 915 δ’
643 864 715 915 εἰς
755 864 1008 927 ἀτέχνους
1050 865 1353 927 ἐμπέςώμεν
1392 867 1725 929 ἀνθρώπους,

454 953 669 1001 διπλοῦς
709 950 817 1001 τότ’
857 950 994 1001 ἕςται
1035 950 1279 1002 θάνατος.
1322 951 1385 1002 ού
1426 953 1526 1015 γὰρ
1569 953 1792 1016 ἐλλείψει

455 1038 550 1088 τὸν
590 1040 718 1101 βοῦν
758 1037 788 1088 ὁ
830 1037 1019 1097 θύςιυν,
1061 1036 1158 1088 κᾶν
1196 1037 1441 1100 μάγειρος
1483 1038 1728 1106 ἐλλείψῃῖ
2126 1057 2174 1091 ιο

524 1123 577 1190 [ὁ
618 1125 711 1186 τὴν
749 1127 1021 1186 παροῦςαν
1061 1125 1301 1186 πημονὴν
1341 1127 1527 1188 φυγεῖν
1568 1126 1810 1176 ςπεύδών

447 1211 580 1274 ὁρᾶν
621 1210 846 1274 ὀφείλει,
885 1211 951 1273 μή
994 1227 1039 1261 τι
1078 1213 1255 1273 χεῖρον
1297 1210 1523 1278 ἐξεύρῃ]

282 1311 340 1364 Ὁ
379 1316 543 1376 μῦθος
582 1315 742 1363 τοῦτο
783 1314 948 1373 δηλοῖ,
990 1310 1069 1362 ὅτι
1111 1310 1324 1373 ἄμεινον
1363 1312 1633 1362 δουλεύειν
1672 1315 1857 1376 ςοφοῖς
1898 1315 1980 1364 καὶ
2022 1315 2178 1365 ἐπιει·

111 1400 244 1452 κέςιν
281 1400 312 1463 ἢ
355 1399 693 1452 δεςπόζεςθαι
731 1398 836 1450 ὑπὸ
877 1400 1066 1450 ςκαιῶν
1107 1415 1160 1449 τε
1201 1398 1282 1450 καὶ
1323 1396 1673 1450 ἀπαιδεύτων.

1098 1527 1180 1583 22

455 1629 580 1681 Βίου
620 1646 694 1680 τις
732 1629 831 1692 ἤδη
872 1630 966 1691 τήν
1004 1629 1160 1691 μέςην
1199 1628 1339 1691 ἔχων
1379 1627 1524 1691 ὥρην

454 1716 592 1777 (νέος
630 1717 724 1778 μὲν
763 1715 861 1766 οὐκ
898 1713 978 1777 ἦν,
1019 1714 1233 1765 οὐδέπω
1274 1716 1334 1766 δὲ
1373 1715 1681 1778 πρεςβύτης)

451 1802 639 1854 λευκὰς
678 1802 920 1865 μελαίνας
959 1801 1179 1863 μιγάδας
1220 1801 1419 1852 ἐκλόνει
1459 1801 1663 1863 χαίτας·

453 1886 544 1940 εἶτ’
583 1887 655 1939 εἰς
695 1887 899 1950 ἔρωτας
940 1887 1188 1950 ἐςχόλαζε
1228 1888 1311 1938 καὶ
1351 1888 1575 1949 κώμους.

450 1974 555 2037 ἤρα
590 1977 852 2035 γυναικῶν
891 1975 1006 2034 δύο,
1046 1974 1165 2036 νέης
1204 1990 1258 2024 τε
1299 1974 1381 2024 καὶ
1419 1974 1616 2036 γραίης.
2146 1990 2177 2027 5

451 2062 574 2113 νέον
613 2063 707 2125 μὲν
747 2061 911 2112 αὐτὸν
948 2060 979 2123 ἡ
1019 2064 1189 2123 νεῆνις
1230 2061 1397 2122 ἐζήτει

452 2147 657 2211 βλέπειν
697 2147 933 2210 ἐραςτήν,
975 2147 1293 2209 ςυγγέροντα
1332 2145 1376 2197 δ’
1416 2147 1446 2208 ἡ
1486 2146 1654 2208 γραίη.

451 2236 558 2284 τῶν
597 2232 693 2284 οὗν
732 2236 923 2296 τριχῶν
964 2231 1201 2284 (ἓκάςτοθ>
1238 2232 1269 2295 ἡ
1310 2233 1404 2295 μὲν
1444 2232 1633 2294 ἀκμαίη

442 2315 646 2371 ’ἔτιλλεν
685 2320 746 2370 ἃς
784 2320 989 2383 ηὕριςκε
1030 2319 1482 2377 λευκανθιζούςας,

450 2406 612 2458 ἕτιλλε
653 2405 698 2458 δ’
737 2407 767 2470 ἡ
806 2409 996 2470 γραῦς,
1036 2406 1079 2457 εἰ
1117 2407 1364 2468 μέλαιναν
1401 2405 1630 2468 ηύρήκει,
2117 2422 2177 2460 10.

450 2494 552 2546 ἕως
592 2493 870 2558 φαλακρὸν
908 2493 939 2556 ἡ
979 2494 1069 2555 νέη
1111 2510 1165 2544 τε
1206 2493 1268 2555 χὴ
1308 2493 1461 2555 γραίη

454 2579 648 2643 ἔθηκαν
688 2579 878 2631 ἀνεκάς
915 2597 960 2630 τι
999 2582 1191 2642 τριχῶν
1231 2578 1549 2629 ἀποςπώςαι.

450 2665 554 2733 [ἀεὶ
589 2667 690 2730 γὰρ
732 2665 788 2716 ἕν
824 2683 882 2727 γε
921 2665 1224 2728 τιλλόμενος
1264 2665 1570 2727 ἐγυμνοῦτο.

519 2752 705 2817 φάςκει
744 2754 803 2804 δὲ·
842 2755 1007 2815 μῦθος
1045 2755 1206 2803 τοῦτο
1247 2754 1398 2802 πᾶςιν
1438 2750 1767 2814 ἀνθρώποις·

450 2838 674 2891 ἐλεεινὸς
714 2838 850 2890 ὅςτις
888 2838 960 2890 εἰς
997 2841 1244 2899 γυναῖκας
1286 2838 1547 2901 ἐμπίπτει·
2117 2854 2174 2892 15

450 2923 531 2976 ἀεὶ
568 2924 668 2988 γὰρ
709 2924 766 2976 ἕν
803 2942 861 2986 γε
901 2925 1227 2987 δακνόμενος
1268 2923 1597 2990 ἐγυμνοῦτο]

278 3068 306 3107 4
344 3065 662 3110 ἀποξύνοντες
692 3066 726 3110 Α
844 3071 868 3108 5
910 3068 1090 3119 πολλὴν
1121 3067 1153 3109 V
1241 3069 1332 3119 γῆν
1365 3065 1414 3119 V]
1449 3066 1540 3120 γάρ
1574 3066 1635 3119 ἦν
1667 3066 1701 3110 Α
1733 3067 1850 3120 quod
1882 3069 1969 3107 iam
2003 3067 2167 3107 dudum

109 3129 355 3164 correxerat
390 3125 700 3164 Lachmannus
840 3127 862 3164 7
899 3124 1122 3166 κόπτουςι
1153 3124 1229 3164 καὶ
1262 3124 1484 3176 ςφάζουςι
1516 3122 1694 3176 Knoell]
1740 3123 1935 3176 φάζουςι
1976 3124 2052 3166 καὶ
2093 3124 2175 3166 κόι

107 3191 272 3222 πτουςι
291 3179 324 3224 V
355 3180 580 3235 ςφάζουςι
610 3181 686 3222 καὶ
717 3179 947 3223 κτείνουςι
970 3181 1003 3225 Α
1079 3178 1230 3233 αἰκίης
1261 3179 1313 3235 Α]
1349 3179 1493 3232 ςικίης
1517 3181 1548 3224 V
1637 3184 1662 3222 8
1695 3181 1753 3223 ἂν
1783 3181 1814 3224 V
1892 3180 2104 3234 ἀτεχνεῑς
2136 3181 2168 3224 V

106 3249 152 3279 v.
175 3239 229 3278 10
259 3241 361 3279 ante
391 3253 433 3280 v.
455 3240 481 3279 9
511 3240 732 3279 invenitur
762 3241 806 3278 in
838 3239 896 3291 Α;
931 3239 1239 3279 emendaverat
1268 3240 1353 3279 iam
1376 3240 1518 3279 Boiss.
1608 3241 1632 3279 9
1665 3238 1760 3280 ἔςτι
1792 3238 1823 3281 V
1916 3241 1968 3279 10
2001 3238 2100 3280 θύω
2135 3237 2167 3280 V

110 3293 277 3335 11—12
308 3309 391 3336 om.
423 3294 470 3346 V,
502 3309 614 3349 quos
644 3309 795 3337 versus
827 3298 913 3336 iam
944 3298 1069 3336 uncis
1100 3302 1326 3349 saepserat
1356 3297 1384 3340 Ι.
1477 3299 1526 3336 11
1561 3299 1735 3349 φυγεῖν
1767 3294 1869 3348 Fix]
1904 3296 2099 3349 φεύγειν
2131 3295 2172 3339 Α.

110 3352 239 3404 θρίω.
269 3364 324 3395 τε
355 3366 439 3394 om.
470 3352 502 3396 V

277 3409 340 3466 22
361 3409 395 3453 Α
427 3412 539 3451 8-9
562 3408 594 3454 S
627 3409 883 3462 (ἑκάςτοτε)
918 3411 1015 3454 815
1045 3429 1105 3438 -
1141 3413 1168 3451 3
1203 3409 1440 3462 μελαίναις
1473 3412 1617 3465 Bergk
1721 3413 1748 3451 4
1779 3410 1969 3462 κώμους
2001 3410 2165 3465 Minas]

109 3463 273 3517 κώμας
303 3465 339 3510 Α
456 3470 481 3507 5
514 3466 624 3508 νέας
656 3467 689 3509 Α
776 3465 946 3521 γραίας
976 3467 1010 3511 Α
1113 3469 1138 3508 6
1169 3470 1324 3510 νεᾶνις
1358 3468 1391 3511 Α
1499 3471 1519 3508 7
1553 3471 1698 3522 γραῖα
1730 3467 1764 3510 Α
1868 3470 1893 3508 8
1925 3465 2100 3519 ἀκμαία
2132 3468 2166 3511 Α

109 3525 135 3564 9
165 3522 345 3578 εὕριςκε
376 3522 408 3568 S
515 3526 560 3563 11
598 3523 682 3566 νέα
714 3524 748 3568 Α
821 3527 967 3578 γραῖα
998 3524 1032 3568 Α
1123 3527 1175 3564 12
1207 3525 1384 3578 ἔθηκαν
1418 3525 1588 3567 ἀνεκάς
1619 3538 1664 3567 τι
1698 3523 1747 3578 G]
1783 3524 1958 3578 ἔθηκαν
1992 3525 2163 3577 ἑκάςτη

107 3581 209 3623 τῶν
238 3579 274 3625 Α
342 3580 612 3624 ἀποςπῶςαι
631 3581 879 3636 Eberhard]
913 3580 1168 3624 ἀποςπῶςα
1199 3583 1232 3626 Α
1313 3586 1481 3623 11-12
1514 3585 1567 3624 cf.
1592 3583 1647 3626 B:
1680 3582 1771 3624 ἕως
1803 3582 1862 3625 ἂν
1895 3581 2044 3624 αὐτὸν
2078 3594 2166 3634 φα·

109 3636 283 3692 λακρὸν
323 3636 547 3691 ἐποίηςαν
585 3639 662 3680 καὶ
705 3638 887 3681 ὄνειδος
928 3639 1157 3681 ἁπάντων
1199 3645 1242 3680 et
1269 3640 1555 3681 tetrastichon
1598 3645 1775 3681 extrem.
1816 3642 1955 3682 πᾶςιν
1997 3638 2163 3693 ώράθη

108 3691 262 3749 γέλω(
357 3694 563 3750 [13-16]
598 3697 808 3736 Duebner
913 3698 1097 3736 14—16
1118 3713 1175 3732 =
1198 3697 1228 3739 B
1261 3697 1476 3751 promyth.
1578 3699 1631 3736 14
1665 3698 1807 3747 μῦθος
1840 3696 2005 3749 φάςκει
2036 3710 2098 3749 pr.
2131 3695 2165 3738 Α

113 3751 164 3791 16
196 3750 462 3803 ἑγυμνοῦτο
494 3750 545 3805 G]
578 3755 842 3805 γυμνοῦται
873 3754 907 3796 Α
980 3767 1021 3795 ν.
1058 3755 1109 3793 13
1141 3761 1206 3794 est
1236 3754 1352 3795 idem
1385 3756 1459 3808 qui
1492 3769 1532 3797 V.
1570 3757 1640 3804 16,
1675 3755 1752 3794 sed
1782 3756 1949 3794 variam
1982 3766 2174 3806 eamque<

110 3812 271 3849 rectam
301 3811 484 3863 praebet
514 3812 768 3863 scripturam
