2332 4134
939 314 1286 366 -43-

427 606 636 669 Κώνωψ
676 604 883 656 ἐπιςτὰς
922 603 1099 667 κέρατι
1138 601 1390 668 καμπύλῳ
1430 598 1630 662 ταύρου

425 690 609 755 μικρόν
647 689 691 741 τ’
730 689 955 753 ἐπιςχὼν
994 687 1107 742 εἶπε
1144 691 1325 740 ταῦται
1351 685 1634 751 βομβήςας”

422 772 488 829 (εἴ
526 793 619 828 ςου
660 775 873 840 βαρύνῳ
913 775 1010 826 τὸν
1047 775 1270 826 τένοντα
1307 772 1392 824 καὶ
1432 771 1567 831 ςείω,

422 861 707 926 καθεδοῦμ’
746 860 993 914 ἀπελθὼν
1031 859 1288 924 ποταμίης
1328 857 1408 909 ἐπ’
1450 853 1719 919 αἰγείρου.’

425 949 456 1002 ὁ
497 949 544 1001 δ’
582 943 665 1000 ‘01³1
705 949 845 1012 μέλει
882 937 985 1012 μοι’
1025 945 1181 1011 φηςίν
1217 939 1350 996 (οὔτ’
1390 943 1484 994 ἐὰν
1523 941 1697 1009 μείνῃς
2117 952 2145 990 5

424 1034 536 1087 οὔτ’
576 1034 642 1086 ἂν
681 1033 934 1102 ἀπέλθῃς·
976 1031 1092 1085 οὐδ’
1131 1030 1211 1083 ὅτ’
1249 1029 1403 1094 ἦλθες
1443 1017 1723 1090 ἐγνώκειν.’

493 1119 719 1188 [γελοῖος
758 1119 895 1172 ὅςτις
934 1120 1096 1172 οὐδὲν
1135 1118 1210 1169 ὢν
1249 1115 1360 1168 κατ’
1401 1114 1705 1178 ἀνθρώπων

420 1210 527 1260 τῶν
566 1206 887 1271 κρειττόνων
926 1202 1200 1269 θραςύνεθ’
1240 1202 1313 1254 ὥς
1351 1219 1425 1253 τις
1465 1197 1803 1266 ἀνθρώπων]

253 1307 578 1373 Κατηγορίαν
629 1306 658 1359 ὁ
701 1306 861 1368 λόγος
910 1306 1136 1370 περιέχει
1179 1302 1379 1367 ἀνδρὸς
1428 1301 1674 1353 εὐτελοῦς
1723 1301 1807 1352 καὶ
1856 1299 1971 1351 λίαν
2021 1297 2148 1351 ἀδυ-

78 1397 265 1459 νάτου,
302 1393 596 1459 ὑπολήψεις
636 1394 698 1445 δὲ
736 1392 962 1457 μεγάλας
1001 1392 1120 1455 περὶ
1159 1390 1353 1443 ἑαυτοῦ
1393 1387 1724 1451 κεκτημένου.

1073 1563 1156 1620 85

426 1666 575 1718 Κυςίν
614 1663 734 1718 ποτ’
772 1664 938 1728 ἔχθρα
975 1665 1059 1715 καὶ
1097 1663 1272 1715 λύκοις
1312 1661 1635 1723 ςυνειςτήκει.

425 1752 567 1804 κύων
607 1750 654 1803 δ’
693 1750 902 1813 Ἀχαιὸς
941 1749 1103 1818 ᾐρέθη
1143 1749 1317 1800 κυνῶν
1356 1746 1526 1810 δῆμου

423 1836 711 1901 ςτρατηγὸς
749 1833 897 1887 εἶναι.
973 1834 1057 1886 καὶ
1095 1832 1263 1898 μάχης
1303 1832 1598 1894 ἐπιςτήμων

423 1923 650 1987 ἔμελλεν,
690 1920 1027 2006 ἐβράδυνεν..
1055 1918 1128 1971 ὡς
1168 1917 1214 1971 δ’
1254 1917 1589 1980 ἐπηπείλουν,

426 2008 471 2061 εἰ
508 2009 575 2072 μὴ
614 2007 834 2072 προάξει
870 2008 965 2071 τὴν
1004 2005 1192 2069 μάχην,
1233 2003 1543 2068 ἐνεδρεύςας
2124 2016 2152 2053 5

423 2084 717 2147 ‘dxoOcotT’'
758 2092 903 2146 εἶπεν
943 2088 1025 2145 ‘06
1064 2091 1216 2156 χάριν
1255 2090 1523 2154 διατρίβω,

422 2181 470 2232 τί
509 2178 559 2232 δ’
597 2179 938 2244 εὐλαβοῦμαι·
978 2178 1076 2242 χρὴ
1117 2177 1164 2229 δ’
1205 2175 1287 2228 ἀεὶ
1325 2175 1718 2240 προβουλεύειν.

430 2270 537 2318 τῶν
575 2267 671 2330 μὲν
709 2265 979 2329 πολεμίων
1017 2265 1080 2316 τὸ
1118 2264 1272 2325 γένος
1312 2261 1388 2314 ὧν
1427 2261 1540 2326 ὁρῶ
1580 2263 1797 2314 πάντων

429 2353 485 2405 ἕν
524 2353 682 2404 ἐςτιν·
722 2351 870 2415 ἡμῶν
910 2351 957 2403 δ’
995 2349 1160 2414 ἦλθον
1199 2348 1251 2401 οἱ
1289 2350 1384 2412 μὲν
1424 2349 1481 2400 ἐκ
1521 2348 1735 2412 Κρήτης,

427 2439 479 2491 οἱ
517 2438 564 2492 δ’
603 2439 660 2490 ἐκ
698 2438 988 2491 Μολοςςῶν
1027 2436 1165 2497 εἰςιν,
1205 2434 1256 2487 οἱ
1296 2434 1342 2487 δ’
1380 2434 1722 2499 Ακαρνάνῳν,
2096 2448 2152 2484 ιο

425 2525 574 2578 ἄλλοι
613 2526 673 2577 δὲ
711 2523 986 2585 Δόλοπες,
1026 2521 1078 2574 οἱ
1118 2523 1177 2574 δὲ
1218 2521 1429 2585 Κύπρον
1468 2522 1499 2585 ἢ
1541 2521 1753 2589 Θρᾴκην

428 2611 690 2675 αύχοῦςιν,
732 2609 879 2661 ἄλλοι
919 2608 967 2661 δ>
1009 2607 1248 2660 ἄλλοθεν.
1307 2607 1353 2658 τί
1392 2607 1630 2671 μηκύνω;

82 2809 139 2849 γε
161 2795 248 2838 τὸν
271 2794 576 2849 ἀποροῦνταὶ)
596 2795 827 2836 Eberhard
850 2793 958 2846 ςάφ’
980 2792 1083 2844 ἵςθι,
1115 2792 1203 2835 τὸν
1230 2791 1508 2846 ἀποροῦντα
1532 2794 1672 2834 Boiss.
1754 2795 1882 2847 epim.
1905 2794 1955 2837 ‘O
1976 2794 2151 2848 παρὼν

85 2851 355 2955 ίὲηθήςετοῖιιι1
372 2850 515 2904 λόγος
537 2849 587 2906 Α]
621 2851 647 2894 ὁ
681 2852 825 2904 μῦθος
845 2851 879 2895 V
957 2849 1277 2894 ἀπαντῶντας
1309 2849 1361 2904 G]
1395 2849 1736 2894 ἐξαπατῶντας
1766 2851 1801 2895 Α
1835 2850 2150 2894 δελεάζοντα(

183 2923 275 2952 rom
358 2940 368 2950 .

153 2925 181 2964 p
256 2925 322 3011 831
350 2966 386 3011 Α
415 2965 621 3007 Dosithei
640 2966 842 3020 Magistri
862 2967 1353 3019 Interpretamentorum
1374 2965 1451 3005 lib.
1470 2967 1537 3006 ΙΙΙ
1570 2964 1656 3019 (ed.
1674 2966 1915 3020 Boecking,
1939 2966 1992 3007 cf.
2015 2980 2055 3020 p.
2075 2967 2147 3012 36)

85 3024 182 3064 eod.
200 3023 480 3076 Voss(ianus)
513 3023 544 3066 Β
561 3024 614 3063 70
636 3039 688 3059 ==
714 3023 837 3066 {³294
858 3039 912 3059 =
935 3021 1091 3067 82134
1121 3021 1245 3067 (2213
1258 3022 1343 3053 1—3
1372 3022 1485 3077 Aug.
1502 3025 1582 3064 136
1608 3043 1672 3062 .—
1704 3026 1725 3065 1
1750 3022 1939 3067 ἐπιςτὰς
1959 3023 1994 3068 Α
2017 3022 2145 3078 Aug-]

85 3091 250 3124 επιτας
271 3080 382 3122 sedit
403 3080 636 3121 adueniem
655 3080 783 3121 Voss.
806 3079 1033 3132 ἑκαθέςθη
1059 3080 1089 3124 Β
1108 3077 1167 3124 Gl
1190 3078 1397 3132 ἐκάθητο
1423 3080 1450 3124 Ι·“
1478 3079 1675 3123 ἑπιπτὰς
1696 3081 1910 3135 Tyrwhitt
1949 3126 1956 3128 ,
1987 3079 2149 3134 κέρατι

85 3137 315 3192 καμπύλῳ
338 3135 392 3190 A]
426 3149 594 3180 κεπατι
619 3139 850 3188 καμπυλω
874 3151 1006 3177 corma
1025 3150 1154 3176 curuo
1173 3137 1301 3179 Voss.
1330 3137 1563 3191 καμπύλῳ
1586 3137 1710 3193 κέρᾳ
1725 3139 1897 3180 Seidler
1967 3149 2148 3192 ταυρος

86 3194 214 3236 Voss.
304 3197 329 3235 2
362 3193 414 3236 δε
445 3206 634 3248 επιςχον
667 3196 793 3237 Voss.
883 3197 909 3235 3
939 3206 1148 3237 τεναντα
1170 3195 1298 3236 Voss,
1376 3196 1452 3237 καὶ
1486 3193 1594 3238 ςείω
1630 3194 1683 3250 G]
1716 3196 1792 3238 καὶ
1826 3192 1972 3238 ςαίνω
2005 3195 2040 3239 Α
2071 3207 2149 3237 και

86 3251 230 3294 κλινω
263 3257 302 3293 et
333 3265 473 3291 camo
505 3253 681 3293 incuruo
711 3253 838 3294 Voss,
869 3249 1076 3294 κάςαίνω
1109 3251 1278 3292 Ahrens
1400 3255 1428 3292 4
1458 3252 1747 3306 καθευδομαι
1778 3265 1806 3305 η
1840 3253 2055 3296 κατελθω
2088 3251 2150 3292 ibi

87 3314 255 3356 dormio

0 3379 3 3383 ⁷
84 3364 234 3406 sedebo
264 3370 339 3406 aut
360 3365 533 3406 discedo
611 3363 847 3418 ποταμίας
869 3364 904 3408 Α
985 3377 1258 3417 ποταμιοςις
1281 3379 1524 3421 ιναιγιροις
1545 3356 1806 3418 βαηιίπαῑὶὂ.
1826 3365 2034 3419 popa-alis
2057 3357 2086 3409 ἶ.
2110 3382 2147 3410 e.

87 3418 341 3475 ποταμίαις
369 3421 422 3466 ἐν
452 3419 674 3478 αἰγείροις
693 3424 822 3466 Voss
926 3422 1056 3465 ὃ-οδε
1086 3424 1249 3475 ουμελι
1282 3435 1358 3475 μοι
1388 3424 1449 3465 ad
1477 3438 1554 3464 nos
1582 3426 1768 3476 pertinet
1788 3424 1917 3464 Voss.
1999 3435 2147 3466 ουταν

86 3490 162 3518 nec
195 3480 238 3520 ei
263 3479 392 3522 Voss.
543 3482 568 3521 6
608 3479 708 3523 οὐδ’
739 3478 810 3522 ὅτ’
840 3477 1072 3533 Tyrwhitt]
1117 3492 1230 3523 ουτε
1272 3492 1356 3524 οτε
1393 3494 1470 3521 nec
1508 3481 1679 3534 quando
1710 3481 1837 3522 Voss.
1879 3479 1980 3523 οὔθ’
2011 3479 2083 3523 ὅτ’
2113 3480 2148 3524 Α

90 3533 261 3590 [7-8]
296 3536 327 3581 1.
357 3551 440 3579 om.
463 3537 591 3579 Voss.
730 3539 756 3579 8
787 3536 1069 3591 θραςύνεται
1100 3537 1135 3580 Α
1250 3535 1525 3592 ἀνθρώπων
1557 3537 1607 3591 G]
1643 3538 1724 3581 ὤν.
1756 3537 1792 3582 Α
1832 3537 2016 3592 ςφόδρα
2047 3538 2147 3579 add.

91 3605 150 3636 m.
179 3605 265 3633 rec.
299 3593 334 3637 A
366 3593 435 3637 ὢν
466 3592 572 3648 λίην
602 3596 745 3636 Boiss.
947 3623 950 3626 Δ

258 3650 320 3694 85
350 3649 386 3695 Α
420 3653 587 3692 14-15
611 3651 887 3707 (διάργεμοι)
914 3649 946 3695 8
979 3650 1080 3694 886
1104 3668 1158 3688 --
1181 3651 1306 3696 0359
1339 3672 1397 3681 —
1426 3655 1452 3692 4
1478 3653 1543 3695 ῶς
1567 3650 1614 3707 G]
1643 3649 1687 3694 οἱ
1709 3652 1743 3696 Α
1773 3649 1818 3695 οἱ
1839 3651 1890 3695 δὲ
1911 3651 2044 3694 λύκοι
2065 3652 2098 3695 Β
2117 3649 2147 3695 G

89 3706 115 3745 5
144 3706 338 3761 προάξει
371 3706 419 3762 L]
452 3708 634 3764 προάξῃ
666 3708 701 3752 Α
787 3708 877 3759 τὴν
910 3706 1083 3760 μάχην,
1116 3707 1397 3763 ἐνεδρεύςας
1430 3708 1480 3762 G]
1514 3710 1604 3761 τὴν
1639 3708 1794 3762 μάχην
1825 3708 2088 3763 ἐνεδρεύςει
2113 3709 2147 3752 Α

88 3761 180 3814 τὴν
211 3762 387 3831 μάχην,
430 3764 726 3819 ἑνεδρεύςειν
757 3765 1014 3806 Lachmann
1043 3765 1135 3817 τήν
1170 3765 1323 3819 μαχήν
1355 3767 1398 3808 τ’
1428 3764 1668 3819 ἑνεργήςει
1699 3767 1851 3821 Haupt
1992 3768 2015 3806 7
2046 3767 2146 3808 τῶν

89 3818 328 3872 πολεμιων
361 3821 444 3872 μὲν
475 3823 558 3862 Fix
675 3826 699 3862 9
733 3822 783 3863 δὲ
815 3823 849 3866 Α
