2332 4134
907 283 1255 334 -69-

411 425 495 476 καί
532 441 685 489 φηςιν
723 425 881 492 αὐτῇ·
918 419 1013 477 ετίς
1050 424 1168 478 ποτ’
1206 416 1294 488 ef?
1334 425 1601 493 ‚dkneeinf

403 502 507 562 ‘xcxi
546 510 630 562 διὰ
667 501 786 563 τίν”
826 509 939 563 εἶπε
977 513 1146 563 κεῖνος
1182 503 1384 575 (αἰτίην,
1422 513 1590 576 γραίη,

409 595 505 659 τὴν
542 595 695 648 πόλιν
732 596 922 661 ἀφεῖςα
956 597 1050 660 τὴν
1089 597 1301 661 ἐρημίην
1339 597 1538 659 ναίεις;’
2078 614 2103 653 5

402 680 435 744 ἡ
474 680 522 733 δ’
555 680 681 733 εὐθὺ
721 682 857 746 πρὸς
893 681 1009 734 τάδ’
1047 681 1190 735 εἶπεν
1226 683 1257 746 ἡ
1302 685 1682 748 βαθυγνώμων·

404 764 507 834 ,ὅτι
543 768 648 831 πρὸ
687 772 783 820 τοῦ
821 769 915 831 μὲν
953 767 1077 832 παρ’
1117 768 1359 830 ὀλίγοιςιν
1397 768 1462 832 ἦν
1500 773 1714 834 ψεῦδος,

403 856 500 904 νῦν
538 853 585 905 δ’
623 853 695 906 εἰς
735 853 968 906 ἅπαντας
1007 855 1267 918 ἐξελήλυθ’
1313 854 1642 919 ἀνθρώπους.

409 938 454 991 εἰ
491 937 539 991 δ’
575 938 709 991 ἕςτιν
747 939 908 992 εἰπεῖν
945 940 1029 992 καὶ
1066 940 1237 993 κλύειν
1274 959 1320 992 τι
1361 942 1601 1011 βουλήςῃ,

406 1022 438 1075 ὁ
477 1027 573 1076 νῦν
609 1025 843 1089 πονηρὸς
879 1025 1059 1089 καιρός
1097 1026 1228 1078 ἐςτιν
1270 1026 1586 1091 ἀνθρώπων,
2055 1039 2106 1078 10

402 1109 466 1162 τὸ
508 1113 707 1175 ψεῦδος
746 1109 827 1162 ὅτι
857 1109 1014 1178 <νῦν>
1045 1112 1337 1176 πρόκριτόν
1376 1112 1476 1165 ἐςτ’
1514 1112 1787 1177 ἀληθείης(

235 1208 294 1262 Ὁ
332 1209 490 1273 λόγος
528 1210 686 1264 οὗτος
725 1210 1040 1276 ἀνθρώπους
1079 1217 1324 1282 κωμῳδεῖ
1361 1213 1437 1267 ὧν
1470 1215 1501 1278 ἡ
1534 1214 1748 1278 ἀλήθεια
1785 1214 1986 1278 μακρὰν
2022 1215 2103 1265 πέ·

69 1312 230 1362 φευγε
269 1296 355 1349 διὰ
392 1296 455 1348 τὸ
493 1301 568 1365 τῷ
606 1298 790 1362 ψεύδει
826 1298 1049 1350 τούτους
1086 1302 1256 1363 φιλεῖν
1294 1301 1378 1353 καὶ
1416 1304 1614 1365 μᾶλλον
1653 1303 1915 1352 ςυνοικεῑν.

1029 1501 1144 1558 127

407 1610 467 1664 Ὁ
506 1612 640 1664 Ζεὺς
678 1614 773 1666 τὸν
810 1613 1004 1679 Ἑρμῆν
1043 1614 1406 1679 ἀμπλακήματ’
1446 1614 1745 1678 ἀνθρώπων

409 1697 596 1751 ἅπαντ’
635 1700 691 1751 ἐν
730 1699 1054 1764 ὀςτράκοιςιν
1092 1701 1275 1766 ὥριςεν
1311 1701 1511 1766 γράψαι

409 1783 641 1837 ἐκέλευςε
679 1785 724 1837 τ>
762 1786 833 1838 εἰς
871 1787 1096 1851 κιβωτὸν
1135 1787 1269 1839 αὐτὰ
1308 1787 1554 1851 ςωρεύειν

409 1873 677 1922 ςταθεῑςαν
714 1870 878 1923 αὐτοῦ
917 1873 1147 1935 πληςίην,
1188 1874 1466 1937 ἐρευνήςας

413 1955 562 2008 ὅπως
600 1956 818 2009 ἑκάςτου
856 1958 950 2009 τὰς
989 1958 1133 2010 δίκας
1172 1957 1489 2027 ἀναπράςςῃ.
2086 1966 2110 2004 5

407 2045 515 2094 τῶν
552 2041 823 2106 ὀςτράκων
861 2045 921 2095 δὲ
958 2044 1259 2108 κεχυμένων
1298 2044 1377 2096 ἐπ’
1416 2043 1656 2107 ἀλλήλοις

410 2128 473 2180 τὸ
512 2129 606 2192 μὲν
645 2127 860 2192 βράδιον
897 2129 959 2180 τὸ
1000 2130 1060 2180 δὲ
1096 2129 1280 2192 τάχιον
1320 2130 1554 2194 ἐμπίπτει

412 2212 483 2265 εἰς
520 2217 615 2265 τοῦ
653 2214 788 2265 Διὸς
825 2214 918 2266 τὰς
956 2217 1148 2279 χεῖρας,
1186 2214 1234 2267 εἴ
1270 2215 1387 2268 ποτ’
1425 2216 1648 2268 εὐθύνοι.

410 2301 517 2350 τῶν
555 2298 652 2351 οὖν
689 2302 939 2363 πονηρῶν
976 2300 1039 2351 οὐ
1078 2304 1311 2364 προςῆκε
1352 2302 1649 2366 θαυμάζειν,

411 2384 476 2436 ἂν
515 2388 703 2437 θᾶςςον
742 2384 936 2437 ἀδικῶν
976 2384 1079 2450 ὀψέ
1117 2404 1191 2437 τις
1232 2391 1404 2440 κακῶς
1443 2387 1659 2455 πράςςῃ.
2064 2393 2115 2432 10

75 2586 229 2630 θειαέ
262 2586 377 2628 *καὶ
408 2583 503 2627 διὰ
532 2584 673 2628 ποίαν
698 2583 899 2627 αἰτίαν
930 2585 1042 2637 τὴν
1072 2586 1243 2628 πόλιν
1276 2587 1494 2640 ἀφεῖςα
1524 2588 1631 2640 τὴν
1663 2583 1910 2640 ἐρημίαν
1941 2581 2117 2635 oinct-:ies

73 2643 112 2698 ἡ
137 2643 198 2687 δὲ
230 2642 413 2693 εἶπεν,
453 2643 545 2686 ὅτι
582 2645 686 2685 τοῖς
726 2642 871 2684 πάλαι
909 2646 1091 2696 καιροῖς
1121 2643 1255 2698 παρ’
1288 2643 1514 2697 ὀλίγοις
1545 2645 1614 2697 ἦν
1644 2644 1700 2686 τὸ
1731 2642 1973 2696 ψεῦδος,
2013 2643 2116 2682 νῦν

75 2700 136 2745 δὲ
177 2698 263 2744 εἰς
306 2700 534 2743 πάντας
576 2698 930 2754 ἀνθρώπους
970 2698 1146 2752 ἐςτίν,
1193 2701 1278 2744 ἐάν
1308 2715 1353 2744 τι
1384 2701 1573 2744 ἀκούειν
1603 2702 1679 2744 καὶ
1709 2700 1861 2752 λε’γειν
1893 2698 2052 2741 θέλεις.
2085 2697 2118 2741 Β

76 2761 103 2800 1
133 2755 363 2813 ἑρημαίαν
392 2757 549 2799 Nauck
667 2757 932 2811 ὁδοιπορῶν
962 2769 1032 2799 τις
1063 2756 1114 2799 ἐν
1146 2758 1309 2802 τόποις
1342 2757 1584 2814 ἐρημαίοις
1614 2758 1842 2800 Eberhard
1963 2757 1989 2796 2
2018 2759 2116 2796 rest.

75 2814 304 2858 Eberhard
438 2818 464 2856 3
494 2813 565 2857 τίς
594 2814 698 2858 ποτ’
730 2814 772 2857 εἶ
803 2814 853 2857 ςὺ
888 2814 959 2867 δή,
990 2813 1131 2868 γραίη
1162 2817 1391 2858 Eberhard
1535 2818 1665 2858 3-—4
1694 2813 1771 2857 καί
1801 2826 1941 2867 φηςιν
1974 2811 2119 2866 αὐτῇ·

77 2871 154 2916 διὰ
176 2870 263 2915 τίν’
285 2869 456 2925 αἰτίην,
485 2875 630 2926 γραῖα
659 2873 915 2913 Lachmann
1034 2874 1056 2912 7
1088 2872 1161 2914 ὅτι
1182 2873 1274 2927 πρὸ
1295 2876 1381 2916 τοῦ
1411 2874 1494 2926 μὲν
1525 2870 1792 2925 Lachmann]
1826 2871 1876 2914 ἐν
1905 2873 2007 2912 τοῖς
2036 2882 2120 2911 πα-

78 2930 227 2973 λαιοῖς
247 2930 475 2970 Eberhard
580 2931 606 2970 8
626 2934 726 2973 rest.
749 2929 978 2970 Eberhard
1086 2932 1111 2970 9
1142 2943 1188 2972 τι
1213 2930 1413 2986 βουλήςῃ
1439 2930 1490 2986 G]
1518 2931 1631 2983 ἐμοῦ
1657 2929 1798 2982 βούλῃ
1822 2928 2121 2970 Schneidewin

79 2989 135 3028 10
153 2985 366 3040 πονηρὸς
385 2986 546 3041 καιρὸς
567 2985 598 3031 Β
621 2987 692 3038 (cf.
707 2986 740 3030 Β
761 2989 865 3029 τοῖς
885 2985 1031 3029 πάλαι
1053 2999 1079 3027 κ
1093 2999 1145 3029 αι
1157 3001 1183 3041 ρ
1197 2987 1320 3042 οῖ-ς)]
1344 2989 1555 3043 πονηρὸς
1579 2986 1734 3042 βίοτος
1756 2986 1804 3029 C.
1818 2987 1871 3028 E.
1886 2984 2122 3026 Schneider

81 3043 177 3096 βὶὸ(
206 3042 417 3098 πονηρὸς
446 3045 482 3086 Ι.
503 3044 555 3086 G.
577 3044 815 3085 Schneider
931 3045 983 3083 11
1016 3044 1116 3086 add.
1145 3044 1175 3088 G
1209 3059 1262 3086 ex
1290 3047 1536 3099 promythio
1570 3047 1602 3088 Β

245 3100 331 3144 127
362 3100 490 3144 v134
519 3101 698 3154 (Knoell
726 3115 770 3154 p.
804 3100 903 3151 683)
936 3117 991 3136 =
1025 3100 1146 3144 1:365
1177 3119 1232 3139 ==
1264 3101 1295 3147 G
1325 3117 1364 3156 Ρ.
1397 3105 1481 3144 412
1525 3103 1652 3146 8105
1687 3100 1914 3142 Eberhard
1947 3101 2027 3140 130
2064 3118 2122 3128 —

83 3159 211 3198 1-4
240 3156 291 3200 ‘O
321 3156 777 3211 Ζεὺς....πληςίην
809 3156 858 3210 G]
904 3157 930 3199 ὁ
967 3157 1118 3201 Ζεὺς
1155 3158 1243 3202 τὰς
1284 3162 1384 3201 τῶν
1425 3158 1754 3214 ἀνθρώπων
1794 3154 2022 3210 ἁμαρτίας
2061 3155 2119 3197 ἐν

81 3211 393 3269 ὸςτράκοις
431 3213 534 3256 τὸν
563 3213 780 3269 Ἐρμῆν
818 3214 988 3268 ὥριςε
1019 3214 1221 3268 γράφειν
1253 3217 1329 3258 καὶ
1360 3214 1424 3259 εἰς
1456 3217 1676 3269 κιβώτιον
1708 3214 1978 3257 ἀποτιθέναι
2007 3214 2121 3263 πλη-

81 3267 180 3314 ςίον
219 3270 400 3313 αὐτοῦ
442 3271 475 3315 Β
515 3271 731 3326 ὀςτράκῳ
771 3271 1007 3325 γράφοντι
1045 3273 1148 3314 τὸν
1187 3273 1401 3327 Ἑρμῆν
1442 3273 1749 3316 ἐκέλευςεν
1789 3271 1814 3313 ὁ
1855 3270 2000 3313 Ζεὺς
2040 3267 2121 3312 εἰς

6 3377 14 3382 ,
81 3327 337 3381 κιβωτὸν
367 3328 546 3371 ταύτας
578 3328 860 3383 ςωρεύειν
891 3328 924 3371 V
1041 3331 1062 3369 1
1096 3329 1121 3371 ὁ
1151 3330 1272 3374 Ζεὺς
1303 3331 1390 3373 τὸν
1422 3331 1593 3385 Ἑρμῆν
1625 3328 1880 3383 ἐγγράφειν
1911 3326 2016 3369 ποτ’
2045 3325 2122 3368 ἀν-

84 3385 292 3440 θρώπων
351 3388 375 3426 2
407 3385 458 3427 ἐν
488 3385 746 3439 ὀςτράκοιςι
775 3385 860 3428 τὰς
891 3384 1120 3439 ἁμαρτίας
1150 3387 1298 3430 πάςας
1328 3389 1555 3428 Eberhard
1627 3390 1648 3427 1
1681 3387 1706 3428 ὁ
1738 3385 1860 3427 Ζεὺς
1890 3381 2123 3438 γράφοντ’

0 3467 3 3469 Δ
83 3440 136 3485 ἐν
165 3441 453 3496 ὸςτράκοιςιν
482 3440 697 3496 Ἑρμείην
726 3444 981 3484 Lachmann
1015 3442 1075 3485 τὰ
1105 3446 1204 3486 τῶν
1237 3444 1463 3487 ἁπάντων
1497 3440 1825 3495 ἀμπλακήματ’
1857 3440 2122 3494 ἀνθρώπων

0 3523 2 3526 >
81 3499 143 3542 Β.
162 3498 358 3540 Sehmidt
471 3501 498 3539 3
529 3501 630 3550 (nisi
679 3501 768 3541 uod
799 3499 1038 3542 ἐκέλευςεν
1060 3497 1125 3542 εἰς
1155 3502 1304 3553 habet)
1334 3508 1434 3543 rest.
1457 3503 1505 3543 C.
1530 3503 1567 3541 E
1591 3499 1826 3541 Schneider
1939 3501 1967 3538 4
1996 3497 2123 3551 ἐρευ-

83 3554 229 3610 νήςας
247 3554 417 3610 corais]
443 3554 502 3598 ἵν’
524 3555 661 3610 ἐρευν
682 3569 762 3600 cac
781 3556 814 3600 V
841 3571 921 3599 om.
947 3556 979 3599 Β
1082 3558 1107 3597 5
1139 3556 1188 3612 Β]
1221 3558 1350 3602 ὅπως
1372 3573 1455 3599 om.
1478 3558 1510 3601 V
1607 3555 1887 3610 ἀναπράςςει
1906 3554 1939 3598 V
2042 3556 2066 3595 6
2090 3553 2123 3596 V

85 3614 188 3663 (nisi
215 3613 333 3666 quod
363 3612 433 3656 ἐπ’
464 3612 622 3667 deest)]
655 3612 1013 3667 ςυγκεχυμένων
1045 3614 1094 3656 δὲ
1126 3617 1226 3656 τῶν
1258 3616 1504 3669 ὸςτράκων
1536 3614 1605 3656 ἐπ’
1635 3612 1849 3665 ἀλλήλοις
1984 3613 2008 3652 7
2039 3610 2122 3654 VB

85 3669 114 3710 8
141 3667 195 3723 V]
232 3667 296 3713 εἰς
325 3669 413 3712 τὰς
442 3673 529 3712 τοῦ
561 3669 674 3713 Διὸς
703 3674 863 3725 χεῖρας
900 3668 1058 3712 εἴποτε
1089 3673 1243 3715 καλῶς
1274 3673 1476 3727 κρίνοιτο
1512 3672 1542 3713 Β
1687 3671 1844 3710 9-10
1875 3670 1978 3720 (nisi
2007 3667 2124 3721 quod

0 3782 2 3784 v
86 3725 274 3779 πράςςει
301 3727 492 3774 exhibet)
514 3725 564 3781 V]
598 3727 671 3770 ὅτι
702 3727 757 3770 οὐ
787 3728 875 3782 χρὴ
909 3726 1163 3777 θαυμάζειν
1195 3728 1269 3769 διὰ
1300 3730 1412 3771 τοὺς
1444 3726 1632 3769 ἀδίκους
1662 3727 1738 3768 καὶ
1768 3726 2020 3780 πονηροὺς,
2051 3724 2125 3766 ὅτι

89 3781 253 3835 τάχιον
282 3783 368 3826 οὐκ
398 3782 805 3836 ἀπολαμβάνουςιν
836 3784 953 3836 ὑπὲρ
984 3787 1083 3826 τῶν
1115 3783 1306 3828 ἀδικιῶν
1337 3786 1497 3828 αὐτῶν
1530 3785 1562 3828 Β
1592 3783 1803 3837 promyth.
