2332 4134
1114 291 1461 343 -96-

607 433 793 500 ,τόπον
830 433 906 484 τίς
944 432 1103 496 ὁρίςει
1139 432 1222 484 καὶ
1261 436 1474 497 βραβεῖα
1510 436 1602 496 τῆς
1637 434 1823 498 νίκηςὲ

602 512 799 582 ’κερδὼ
839 518 1035 580 δικαίη’
1073 518 1196 582 φηςί
1234 516 1342 569 ςκαὶ
1380 519 1518 582 ςοφὴ
1556 519 1695 582 λίην·
2273 536 2301 579 5

607 603 774 667 ἀρχὴν
811 604 871 655 δὲ
907 602 1047 657 τάξει
1085 606 1181 655 τοῦ
1219 603 1422 667 δρόμου
1461 621 1517 656 τε
1555 605 1650 668 τὴν
1686 604 1863 670 ὥρην.’

604 688 636 750 ἡ
674 689 769 751 μὲν
806 688 1005 751 χελώνη
1044 687 1191 753 ῥίμφ’
1229 687 1565 752 ὁδοιποροῦς’
1602 688 1785 753 ἦρξεν·

607 774 819 836 θαρρῶν
857 774 918 825 δὲ
954 774 1074 825 ποςὶ
1110 775 1319 835 λαγωὸε
1361 772 1789 843 <ἀντ>εκοιμήθη,

609 858 777 910 ἐλθὼν
813 861 970 922 χέλυν
1006 858 1054 912 δ’
1092 859 1336 912 ἐντόπιον
1374 859 1494 924 εὗρε
1529 863 1766 914 νικῶςαν.

437 943 553 995 Ὅτι
589 945 777 996 πολλαὶ
813 945 992 1008 φύςεις
1030 943 1330 1009 ἀνθρώπων
1367 945 1579 1011 εὐφυεῖς
1616 945 1752 1008 εἰςιν,
1794 944 1905 999 ἀλλ’
1932 945 1991 1000 ἐκ
2024 951 2117 1012 τῆς
2147 944 2307 1017 ῥᾳθυὲ

268 1029 384 1092 μίας
436 1029 739 1082 ἀπώλοντο·
791 1029 847 1082 ἐκ
895 1032 955 1083 δὲ
1000 1031 1214 1095 νήψεως
1261 1033 1345 1084 καὶ
1392 1035 1622 1096 ςπουδῆς
1659 1033 1743 1085 καὶ
1778 1034 2134 1099 μακροθυμίας
2171 1037 2306 1090 τινὲς

270 1114 352 1164 καὶ
391 1114 598 1177 φόςεως
637 1112 799 1177 ἀργῆς
835 1117 1216 1179 περιεγένοντο.

606 1340 897 1403 Σάλπιγγος
939 1340 1287 1412 <ἄνθρωπός>
1329 1361 1404 1397 τις
1441 1344 1506 1409 ἦν
1544 1346 1836 1410 ἐπιςτήμων

605 1426 896 1491 ετράτευμα
933 1427 1173 1490 ςυνάγων
1210 1429 1461 1493 πολεμία(
1501 1430 1554 1482 ἐς
1589 1430 1814 1494 ὑςμίνας.

606 1509 637 1562 ὁ
677 1510 724 1561 δ’
762 1510 1092 1576 αἰχμάλωτος
1128 1510 1323 1566 ἱκέτευε
1360 1516 1429 1579 μὴ
1469 1515 1711 1569 κτείνειν·

607 1593 826 1648 ζοὐδένα
864 1597 1109 1662 φονεύω’
1146 1599 1301 1663 φηςίν
1333 1593 1489 1653 ςοὐδὲ
1526 1602 1821 1665 κουρςεύω·

603 1682 737 1745 πλὴν
773 1686 932 1734 τοῦτο
970 1684 1070 1747 γὰρ
1109 1684 1170 1736 τὸ
1211 1685 1437 1749 βύκανον
1474 1686 1635 1740 οὐδὲν
1672 1685 1774 1740 οἶδ’
1813 1685 1976 1742 ἄλλο.’
2278 1703 2305 1743 5

603 1767 653 1820 οἱ
691 1770 750 1821 δέ
790 1765 899 1820 εδιὰ
937 1768 1122 1821 τοῦτο’
1160 1771 1318 1835 φαςίν
1356 1770 1584 1841 “<αὐτό>
1625 1773 1860 1842 τεθνήξῃ,

607 1851 796 1905 ἄλλους
834 1854 1051 1918 ἐγείρων
1088 1855 1281 1907 καύτὸς
1319 1855 1479 1909 οὐδὲν
1517 1852 1742 1921 ἰςχύων.’

430 1936 545 1989 Ὅτι
582 1940 761 1990 πλεῖον
798 1939 1066 1992 πταίουςιν
1103 1941 1154 1992 οἱ
1190 1942 1314 1994 τοὺς
1352 1944 1541 1996 κακοὺς
1579 1944 1662 1996 καὶ
1699 1945 1872 2008 βαρεῖς
1909 1943 2165 1996 δυνάςτας
2205 1947 2305 1997 διε-

266 2021 529 2085 γείροντες
566 2024 701 2088 πρὸς
737 2024 799 2075 τὸ
838 2029 1191 2089 κακοποιῆςαι.

1223 2156 1338 2213 172

601 2252 782 2316 Στικτή
822 2252 939 2304 ποτ’
979 2254 1122 2318 ηὔχει
1159 2257 1414 2320 πάρδαλις
1452 2261 1640 2321 φορεῖν
1680 2254 1920 2326 <ἄλλων>

605 2339 762 2405 Ζῴων
799 2337 1051 2392 ἁπάντων
1088 2345 1463 2408 ποικιλωτέρην
1502 2346 1692 2408 δέρριν,

434 2467 460 2505 8
490 2465 681 2520 θαρρῶν
714 2464 764 2507 δέ
795 2467 952 2508 ποςςίν
984 2466 1009 2508 ὁ
1042 2468 1275 2512 δαςύπους
1306 2470 1557 2525 ἐκοιμήθηὶ)
1586 2471 1813 2513 Eberhard
1934 2471 2063 2524 epim,
2095 2468 2123 2512 ὁ
2158 2470 2303 2522 μῦθος

266 2522 402 2574 δηλοῖ
433 2522 505 2564 ὅτι
537 2523 564 2566 Ρ
681 2520 793 2564 εἰςὶν
823 2522 1017 2576 εὐφυεῖς
1049 2524 1077 2568 Ρ
1208 2526 1258 2568 ἐκ
1290 2528 1518 2583 ῥᾳθυμίας
1549 2530 1623 2571 καὶ
1655 2528 1797 2570 ὄκνου
1830 2526 2114 2570 ἀπόλλυνται
2145 2525 2304 2579 (ἀπόλ-

264 2580 429 2622 λυνται
459 2577 508 2629 G)
541 2580 568 2623 Ρ
705 2578 897 2631 νήψεως
927 2581 1004 2621 καὶ
1036 2595 1118 2623 om.
1146 2583 1174 2626 Ρ
1311 2585 1626 2640 μακροπονίας
1654 2585 1816 2628 πολλοὶ
1853 2582 2184 2638 περιεγένοντο
2214 2585 2302 2635 τῆς

265 2636 453 2688 φύςεως
484 2635 511 2679 Ρ
646 2637 750 2679 Ὅτι
780 2638 942 2679 πολλοὶ
973 2641 1031 2693 τῇ
1066 2639 1149 2690 μὲν
1191 2640 1326 2694 φύςει
1367 2642 1527 2697 ἀργοί,
1573 2646 1631 2696 τῇ
1666 2642 1715 2684 δὲ
1753 2639 1975 2695 ευντομίᾳ
2009 2640 2122 2682 τοὺς
2165 2639 2301 2692 φύςει

265 2696 449 2745 ταχεῖς,
481 2693 718 2748 ῥᾳθύμους
750 2693 815 2743 δέ,
846 2697 1033 2737 νικῶςιν
1064 2695 1225 2739 02872

433 2749 510 2793 171
555 2750 587 2792 Β
606 2752 684 2790 131
718 2749 746 2793 Ρ
761 2751 813 2790 81
846 2767 900 2786 ---
932 2750 963 2796 0
983 2766 1025 2805 p.
1048 2755 1131 2793 340
1162 2753 1193 2797 G
1212 2756 1386 2795 1421—2
1433 2756 1678 2810 (Eberhard
1707 2755 1834 2796 Anal.
1864 2754 1994 2796 Babr,
2023 2768 2066 2808 p.
2101 2754 2197 2805 189,
2232 2754 2303 2805 20)

264 2807 594 2859 Σάλπιγγός
633 2819 719 2849 τις
758 2807 826 2859 ἦν
873 2807 1207 2861 ἐπιετήμων
1254 2813 1455 2866 ςτρατὸν
1495 2813 1761 2866 ςυνάγων
1801 2809 1867 2854 εἰς
1909 2809 2138 2862 ςυμβολὰς
2168 2808 2304 2852 πολέ-

267 2878 384 2917 μων.
429 2862 570 2907 οὗτος
601 2862 973 2916 αἰχμάλωτος
1004 2867 1203 2918 ληφθεὶς
1230 2866 1457 2913 ἱκέτευε
1491 2872 1559 2923 μὴ
1593 2868 1849 2913 κτείνειν
1882 2868 2043 2918 αὐτόν,
2085 2867 2152 2910 ώς
2183 2865 2302 2919 μήτε

264 2921 371 2964 τινὰ
402 2920 718 2974 φονεύοντα
751 2919 867 2973 μήτε
908 2924 1282 2976 κουρςεύοντα
1322 2927 1470 2980 πλὴν
1502 2928 1566 2969 τὸ
1596 2928 1802 2981 χαλκοῦν
1836 2927 2015 2967 τοῦτο
2048 2923 2303 2976 βύκανον

264 2977 452 3022 εἰδέναι.
483 2976 613 3019 οἰδὲ
646 2977 797 3020 εἶπον·
829 2978 942 3020 ςδιὰ
972 2982 1153 3022 τοῦτο
1184 2984 1358 3032 μᾶλλον
1388 2983 1663 3038 τεθνήξῃ,
1709 2984 1783 3026 ὅτι
1813 2982 1867 3027 cta
1902 2980 2048 3034 μηδὲν
2085 2978 2301 3034 ἰςχύων

263 3035 376 3077 τοὺς
397 3035 575 3078 ἄλλου
591 3045 613 3076 ς
635 3033 755 3086 ἐγεί
768 3035 896 3087 pete?
920 3036 953 3079 Β
982 3061 1041 3071 -
1072 3041 1092 3078 1
1110 3061 1158 3066 -
1174 3040 1198 3078 7
1219 3045 1317 3082 rest.
1337 3040 1368 3084 G
1479 3044 1602 3081 1—2
1625 3041 1872 3092 ςάλπιγγος
1895 3039 1963 3081 ὢν
1986 3048 2059 3080 τις
2079 3033 2303 3092 (ἐξόχως)

263 3091 535 3145 ἐπιςτήμων
573 3091 787 3146 Στρατὸν
833 3095 1059 3146 ςυνῆγενῖ)
1102 3095 1330 3137 Eberhard
1459 3100 1484 3138 3
1515 3097 1695 3140 ἱκέτευε
1728 3097 1788 3150 μὴ
1820 3093 2018 3138 κτείνειν
2059 3093 2302 3136 clausulam

263 3163 415 3190 versus
448 3162 544 3190 esse
571 3150 682 3189 vidit
716 3149 996 3192 Eberhardus
1139 3154 1266 3193 4—5
1307 3153 1628 3196 “...οὐδένα
1662 3154 1753 3207 γὰρ
1784 3152 1918 3205 ὑμῶν
1959 3149 2303 3193 ἀπέκτεινα”

261 3206 407 3258 πλὴν
437 3205 545 3259 γὰρ
578 3208 664 3248 τοῦ
695 3207 869 3258 χαλκοῦ
899 3210 1084 3256 τοῦτουλ
1117 3208 1288 3252 οὐδὲν
1320 3210 1458 3253 ἄλλο
1499 3211 1700 3263 κτῶμαι’
1733 3209 1793 3254 01
1928 3211 1953 3249 6
1984 3205 2184 3261 τεθνήξῃ
2216 3207 2301 3247 hoc

263 3264 396 3304 verbo
444 3263 591 3303 claudi
627 3276 800 3304 versum
844 3267 1088 3318 suspicatus
1128 3270 1192 3306 est
1231 3267 1510 3309 Eberhardus
1655 3270 1678 3308 7
1710 3267 1879 3309 ἄλλους
1922 3262 2114 3318 ἐγείρει(
2155 3262 2300 3305 αὐτὸς

264 3319 405 3361 οὐδὲν
445 3317 618 3372 ἰςχύων
653 3320 880 3362 Eberhard
1022 3324 1147 3375 epim.
1168 3339 1225 3358 =
1246 3323 1278 3366 Β
1309 3327 1522 3378 promyth.
1657 3321 1981 3377 ἐπεγείροντες
2013 3321 2073 3365 cl

443 3376 528 3421 172
576 3377 608 3420 Β
628 3379 707 3418 132
738 3393 791 3413 =
824 3377 981 3422 01594
1027 3378 1053 3422 Ρ
1074 3381 1124 3420 13
1155 3396 1210 3415 =
1241 3378 1272 3423 G
1301 3395 1341 3434 p.
1375 3382 1455 3422 351
1503 3381 1533 3426 G
1553 3381 1728 3422 1591-3
1772 3378 2000 3420 Eberhard
2049 3378 2129 3417 137
2197 3375 2303 3418 ’Ότι

264 3435 366 3474 τοῖς
399 3437 668 3476 ςυνετοῑς
699 3436 775 3476 καὶ
806 3433 988 3477 ποικίλα
1020 3438 1273 3489 φρονοῢςιν
1307 3439 1481 3488 μᾶλλον
1513 3437 1755 3481 ἔπαινός
1796 3437 1918 3478 ἐςτιν
1948 3434 1978 3486 ἢ
2020 3436 2088 3487 τῇ
2131 3432 2300 3485 φύςεῑ

265 3488 510 3542 εὐπρεπέςι
541 3491 616 3531 καὶ
650 3491 710 3544 μὴ
742 3495 811 3545 τῇ
844 3491 1059 3545 γνώμῃ.
1090 3515 1147 3522 -
1175 3493 1387 3546 Στικτή
1417 3508 1561 3538 ποτε
1591 3494 1882 3548 πάρδαλις
1927 3491 2160 3543 ἐκαυχᾶτο
2208 3500 2302 3541 φο-

264 3548 395 3599 ρεῖν
425 3545 704 3590 ἁπάντων
736 3548 900 3602 ζῴων
931 3549 1360 3604 ποικιλωτέραν
1403 3551 1626 3606 δέρριν·
1671 3551 1812 3604 πρὸς
1852 3547 1922 3600 ἣν
1961 3546 2196 3598 ἀλώπηξ
2236 3544 2304 3587 εἶ-

263 3613 391 3644 πεν·
443 3601 575 3654 “ἐγώ
623 3617 721 3646 ςου
767 3608 869 3658 τῆς
914 3605 1091 3658 δορᾶς
1138 3604 1383 3659 κρείττονα
1435 3610 1529 3650 καὶ
1577 3605 2010 3658 ποικιλωτέραν
2058 3602 2298 3655 γνώμην

266 3657 409 3711 ἔχω.’
441 3659 474 3703 Β
518 3684 576 3694 -
622 3665 748 3702 1-4
777 3664 944 3715 primus
973 3661 1144 3702 refinxit
1170 3663 1499 3706 Lachmannus:
1546 3663 1713 3716 Στικτή
1758 3661 1863 3705 ποτ’
1902 3660 2035 3714 ηὔχει
2073 3658 2301 3713 πάρδαλις

266 3719 436 3768 φορεῖν
467 3712 671 3773 (μούνη)
702 3718 864 3773 Δορὴν
896 3718 1122 3761 ἁπάντων
1153 3721 1501 3774 ποικιλωτάτην
1532 3722 1683 3774 Ζῲων.
1732 3718 1862 3773 Πρὸς
1892 3717 1952 3770 ἣν
1987 3716 2180 3768 ἀλώπηξ
2210 3714 2299 3757 εἶπ’

262 3771 384 3823 *ἐγὼ
419 3773 482 3874 δὲΒ
499 3772 715 3827 κάκείνης
749 3774 946 3829 Κρείεςω
979 3775 1019 3816 τ’
1050 3775 1141 3828 ἔχω
1174 3777 1247 3816 καὶ
1278 3778 1619 3832 ποικιλωτέρην
1649 3774 1866 3830 γνώμην’
1983 3776 2005 3814 1
2038 3769 2243 3828 (ἄλλων)
2269 3768 2302 3814 Β

262 3831 288 3869 2
317 3834 418 3872 rest.
487 3862 497 3874 .
