2332 4134
1100 276 1451 328 ,60-

599 426 792 485 ςτεινῆς
830 422 1020 485 ἔφευγε
1060 418 1230 470 δειλὸς
1269 418 1321 468 ἐς
1359 416 1525 479 μυχὸν
1563 416 1811 478 τρώγλης,

602 508 768 571 ἄςημα
805 506 997 569 τρίζων
1035 503 1129 554 τόν
1165 519 1221 553 τε
1259 501 1518 564 πρόξενον
1558 500 1763 563 θλίβων.

599 593 781 657 μικρὸν
821 590 866 642 δ’
906 589 1125 651 ἐπιςχὼν
1165 586 1257 639 εἶτ’
1295 586 1492 638 ἐςωθεν
1531 585 1759 648 ἐκκύψας
2306 636 2312 646 ‚

601 678 787 742 ψαύειν
825 675 1034 739 ἐμελλεν
1074 672 1283 735 ἰςχάδος
1322 670 1652 734 Καμειραίης·
2237 652 2318 721 25}>

604 763 781 825 ἕτερος
820 759 866 811 δ’
905 760 1128 821 ἐπῆλθεν
1169 756 1298 808 ἄλλα
1336 773 1382 807 τι
1419 755 1778 818 προαιρήςων·

601 847 649 898 οἱ
688 845 733 897 δ’
773 845 930 897 ἐνδον
969 843 1268 907 ἐκρύβοντο.
1314 845 1408 905 μῦς
1447 839 1494 892 δ’
1533 839 1813 904 ἀρουρίτης

600 932 831 983 ζτοιαῦτα
869 927 1108 981 δειπνῶν’
1148 926 1259 978 εἶπε
1298 925 1461 990 (χαῖρε
1500 926 1583 977 καὶ
1621 924 1831 977 πλούτει

598 1017 682 1069 καὶ
719 1018 828 1067 τοῖς
864 1017 1121 1078 περιςςοῖς
1162 1012 1321 1064 αὐτὸς
1360 1011 1595 1075 ἐντρύφα
1634 1010 1878 1072 δείπνοις,

597 1101 736 1165 ἔχων
774 1101 838 1151 τὰ
875 1099 1045 1151 πολλὰ
1084 1101 1248 1149 ταῦτα
1286 1097 1442 1160 μεςτὰ
1481 1096 1751 1148 κινδύνων.
2239 1107 2293 1146 30
2313 1088 2325 1163 J

601 1186 703 1248 ἐγὼ
744 1187 803 1237 δὲ
841 1188 979 1247 λιτῆς
1018 1182 1113 1235 οὐκ
1152 1182 1410 1247 ἀφέξομαι
1449 1182 1639 1245 βώλου,

596 1270 689 1335 ὑφ’
727 1272 791 1334 ῆν
827 1271 892 1321 τὰ
930 1272 1116 1333 κρῖμνα
1154 1269 1220 1332 μὴ
1260 1267 1594 1332 φοβούμενος
1631 1266 1852 1330 τρώγω.>

431 1386 607 1436 Ταῦτα
657 1384 844 1448 ῥητέον
899 1388 973 1452 τῷ
1030 1382 1085 1434 ἐν
1135 1381 1454 1445 προςχήματι
1510 1379 1683 1444 φιλίας
1739 1381 1916 1431 κακαῖς
1971 1371 2321 1444 ςυμβουλίαιο

266 1470 483 1531 ἀπάγειν
520 1470 651 1534 ἡμᾶς
691 1469 990 1536 βουλομένῳ
1038 1470 1178 1530 ζωῆς
1217 1465 1486 1530 ἀταράχου
1525 1466 1607 1516 καὶ
1645 1465 1901 1517 κινδύνοις
1938 1465 2294 1530 καθυποβάλαι
2324 1471 2330 1524 ἶ

265 1556 412 1619 χάριν
450 1555 680 1619 ρεουςῶν
717 1554 942 1616 ἡδονῶν.

1215 1737 1332 1793 109

599 1851 701 1916 <Μὴ
740 1852 868 1906 λοξὰ
909 1850 1116 1916 βαίνειν’
1155 1851 1296 1913 ἔλεγε
1335 1852 1560 1919 καρκίνῳ
1600 1852 1763 1915 μήτηρ

599 1936 744 2006 ςὑγρῇ
783 1955 839 1989 τε
878 1938 1039 2005 πέτρῃ
1079 1937 1269 1998 πλάγια
1307 1940 1447 1988 κῶλα
1485 1937 1550 2001 μὴ
1591 1935 1791 2000 ςύρειν.’

603 2023 632 2074 ὁ
673 2022 718 2075 δ’
757 2021 869 2075 εἶπε
907 2021 1081 2087 εμῆτερ
1121 2023 1152 2086 ἡ
1193 2022 1514 2084 διδάςκαλος,
1551 2023 1731 2086 πρώτη

603 2107 766 2172 ὀρθὴν
807 2107 997 2160 ἄπελθε
1037 2108 1119 2160 καὶ
1158 2109 1364 2171 βλέπων
1402 2125 1454 2159 ςε
1493 2107 1740 2171 Ζηλώςω.’

430 2225 747 2288 Ἀντίρρηςιν
785 2223 814 2275 ὁ
847 2227 1010 2288 μῦθος
1049 2223 1153 2287 ἔχει
1189 2223 1325 2286 πρὸς
1363 2223 1486 2274 τοὺς
1525 2222 1762 2274 ἐναντίας
1798 2224 1908 2274 τοῖς
1945 2220 2116 2285 ἔργοις
2154 2223 2294 2271 διδα-

265 2311 467 2363 ςκαλίας
505 2310 867 2373 ποιουμένους.

1221 2479 1327 2535 110

602 2596 821 2647 Μέλλων
860 2594 1065 2646 ὁδεύειν
1104 2596 1195 2656 τῆς
1232 2593 1389 2645 κυνός
1426 2610 1499 2644 τις
1538 2593 1759 2655 ἑςτώςης

601 2679 745 2732 εἶπεν
781 2673 846 2731 ετί
884 2680 1109 2743 χάςκεις;
1150 2678 1304 2731 πάνθ’
1345 2678 1523 2742 ἕτοιμά
1563 2695 1639 2730 ςοι
1677 2677 1836 2730 ποίει·

602 2765 707 2829 μετ’
748 2765 873 2828 ἐμοῦ
912 2766 1011 2829 γὰρ
1050 2760 1218 2829 ἥξεις.’
1256 2765 1288 2828 ἡ
1328 2766 1388 2816 δὲ
1427 2765 1613 2828 κέρκον
1652 2763 1864 2827 οὐρείην

602 2849 769 2914 ἄραςά
808 2867 929 2914 φηςι
965 2842 1135 2901 (πάντ’
1173 2849 1295 2913 ἐχω,
1338 2851 1395 2900 cs)
1435 2849 1481 2901 δ’
1522 2837 1790 2913 ἀρτύνεις.)

433 2964 581 3027 Πρὸς
631 2962 797 3027 ἄνδρα
847 2962 1330 3027 ἀπαραςκεύαςτον,
1379 2963 1616 3027 παρόςον
1656 2962 1712 3015 ἐν
1750 2959 2011 3027 ἑτοιμαςίᾳ
2049 2957 2177 3010 ὄντα
2214 2955 2294 3007 καὶ

263 3050 380 3113 περὶ
418 3049 815 3112 ςυνοδοιπορίας
853 3048 1250 3109 κατεπείγοντα,
1291 3048 1321 3100 ὁ
1361 3048 1519 3109 λόγος
1558 3047 1813 3110 εὔκαιρος,

433 3291 488 3329 24
519 3287 558 3329 δ’
590 3286 641 3341 8]
674 3287 715 3330 τ’
741 3287 775 3331 Α
891 3287 986 3330 εὖτ’
1016 3289 1047 3333 8
1165 3291 1216 3329 25
1251 3286 1530 3342 Καμειραίας
1561 3286 1592 3332 8
1710 3288 1764 3327 27
1796 3282 2050 3339 ἀρουρίτης
2082 3282 2126 3336 Ι.]
2159 3283 2295 3338 ἀρου-

268 3343 424 3414 ρξίτης
453 3346 486 3389 Α
603 3346 656 3385 28
685 3346 880 3386 τοιαῦτα
913 3345 1114 3388 δειπνῶν
1147 3344 1199 3398 Α]
1234 3343 1397 3399 καίπερ
1429 3347 1635 3387 τοςαῡτα
1666 3346 1844 3386 πεινῶν
1876 3342 1909 3386 Β
2007 3340 2105 3383 εἶπε
2135 3340 2293 3394 Minas]

272 3414 400 3443 εἶπεν
430 3401 522 3500 1109
553 3457 586 3501 Α
620 3458 718 3501 391
751 3455 970 3501 02951—2
998 3478 1056 3487 —
1092 3460 1119 3498 4
1152 3457 1320 3501 ἄπελθε
1352 3456 1406 3511 Α]
1440 3456 1513 3509 ἄγ’
1543 3456 1647 3499 ἐλθέ
1679 3455 1983 3496 Schneidewin
2021 3452 2184 3497 ἔπελθε
2213 3415 2309 3494 Εἰιιμ

269 3513 384 3567 ὀρθὰ
418 3514 568 3565 βάδιζε
601 3515 632 3557 Β
663 3513 796 3568 πρόει
826 3526 879 3565 γε
909 3515 1194 3555 tetrastichon
1322 3514 1517 3566 Ζηλώςω
1553 3512 1603 3567 Β]
1637 3511 1814 3566 ποιήςω
1846 3510 1882 3555 Α
2005 3512 2132 3563 epim.
2164 3510 2296 3553 ἐναν-

269 3570 370 3613 τίας
400 3584 485 3611 ree.
514 3569 565 3623 Α]
599 3568 790 3614 ἐναντία
820 3584 882 3624 pr.
911 3569 945 3614 Α

435 3641 514 3684 110
546 3640 580 3684 Α
610 3662 667 3671 -
707 3645 732 3682 3
764 3639 956 3695 οὐρείην
990 3639 1040 3694 G]
1075 3639 1269 3694 οὐραίης
1299 3641 1334 3685 Α
1363 3639 1561 3695 οὐραίην
1591 3642 1675 3681 Fix
1703 3639 1908 3681 Meineke
2021 3639 2049 3678 4
2084 3637 2125 3678 δ’
2157 3635 2296 3691 ἀρτύ-

271 3709 365 3740 νεις
397 3696 447 3750 G]
482 3697 531 3739 δὲ
565 3699 807 3751 βραδύνεις
833 3697 867 3741 Α
898 3697 936 3738 δ’
962 3697 1140 3751 ἁβρύνη
1172 3698 1425 3738 Lachmann
1457 3698 1507 3740 δὲ
1537 3696 1707 3751 τρίβεις
1736 3697 1819 3736 Fix
1857 3693 2100 3748 βαρδύνεις
2128 3693 2295 3735 Ahrens

275 3754 487 3806 δηθύνεις
516 3755 669 3794 Nauck
786 3757 912 3808 epim.
942 3754 1150 3807 παρόςον
1185 3753 1233 3806 G]
1267 3754 1383 3808 πρὸς
1413 3754 1498 3797 τὸν
1528 3754 1562 3797 Α
1594 3752 1739 3808 [πρὸς]
1773 3757 1815 3793 et
1847 3750 1954 3806 [καὶ]
1986 3752 2127 3792 Boiss.
