2190 4036
974 242 1326 287 —ffld

126 383 338 443 Epictet.
405 384 614 430 manual.
655 383 775 441 XII,
816 385 860 428 2.
889 383 1059 429 XXX.
1105 382 1471 444 Theophylact.
1516 385 1696 433 Simoc.
1736 387 1877 448 epist.
1914 389 2017 436 4.

127 467 271 527 epist.
315 468 429 513 131.
474 484 517 527 p.
558 468 674 525 266,
715 470 759 514 b.
804 467 917 513 105.
957 483 1004 527 p.
1044 467 1159 524 248,
1198 467 1242 512 d.
1282 467 1494 530 Dionys.
1535 470 1675 530 epist.
1715 471 1798 520 27.
1839 470 1994 533 Greg.
2034 471 2149 518 Na

128 568 278 598 carm.
317 553 356 610 Ι,
396 553 440 610 2,
482 552 563 610 24,
603 553 666 597 21
709 569 754 612 p.
795 553 901 599 494
940 549 1147 597 Caillau.
1187 550 1369 598 Joann.
1418 553 1548 615 Lyd.
1588 554 1648 600 de
1685 557 1904 618 magistr.
1939 557 1979 616 Ι,
2006 558 2052 603 2.
2080 557 2165 610 23·

127 638 294 683 Etiam
352 637 400 682 in
442 647 621 696 quarto
663 638 773 683 loco
813 636 1025 682 Babrius
1062 638 1327 699 τοιγαροῦν
1383 639 1576 698 posuit.
1624 640 1704 699 13,
1758 642 1821 688 12
1873 637 2034 709 ἀπολῇ
2082 651 2183 704 με

125 719 160 768 τ’
185 719 350 769 αὐτων
394 725 674 786 τοιγαροῦν,
717 723 854 769 cuius
895 721 1121 768 licentiae
1161 720 1258 766 alia
1307 724 1533 783 exempla
1586 723 1764 770 afferre
1816 742 1915 773 non
1965 743 2113 788 possu
2143 735 2190 740 ”

130 809 221 853 nisi
295 808 566 866 Lucianea,
624 807 736 854 dial.
793 814 938 852 mort.
997 806 1077 863 28,
1133 807 1177 851 1.
1239 805 1464 852 Hermot.
1517 809 1583 855 34
1640 809 1883 858 Jacobitz.
1937 808 2173 872 Deniqu·

130 901 245 954 post
300 893 567 938 secundum
625 892 868 939 enuntiati
926 892 1131 936 verbum
1188 891 1433 952 particula
1490 896 1755 957 τοιγαροῦν
1811 895 1974 956 posita
2025 905 2100 943 est

137 977 358 1024 Luciano
398 977 456 1022 de
495 993 640 1024 merc.
690 978 830 1024 cond.
871 979 950 1035 24,
1003 978 1063 1022 ab
1100 977 1331 1037 Epicteto
1386 992 1464 1037 ap.
1520 978 1658 1025 stob.
1705 979 1841 1027 Flor.
1895 981 1956 1040 V,
2005 982 2086 1040 91,
2145 964 2190 1043 ις’,>Ι

131 1063 512 1124 Theophylacto
553 1079 627 1123 ep.
669 1063 749 1121 31,
778 1070 832 1108 ut
869 1058 1117 1127 τοιγάρτοι
1190 1063 1389 1108 Phalar.
1427 1063 1569 1123 epist.
1612 1063 1675 1111 72
1714 1063 1897 1112 Herch.
2158 1055 2162 1058 ’

273 1147 465 1193 Deinde
523 1148 570 1193 in
611 1164 700 1194 usn
742 1149 974 1195 adiectivi
1028 1142 1238 1211 ἀγεννής
1284 1147 1496 1194 Babrius
1548 1155 1597 1194 et
1650 1149 1899 1198 Lucianus
1949 1151 2078 1198 inter

128 1233 413 1279 concinunt.
464 1229 677 1296 ἀγεννής
715 1235 841 1280 enim
883 1234 1014 1294 apud
1062 1240 1327 1292 utrumque
1367 1232 1776 1293 significationem
1830 1235 1968 1283 vocis
2008 1233 2178 1289 δειλό·

130 1317 316 1363 induit:
358 1318 415 1363 cf.
456 1319 721 1380 praecipue
760 1318 1036 1365 simillimos
1075 1320 1212 1364 locos
1252 1316 1402 1363 Babr.
1445 1316 1525 1376 95,
1566 1317 1647 1364 67.
1684 1306 1750 1366 68
1779 1314 1936 1378 οὕτως
1955 1316 2174 1386 ἀγεννὴ

127 1398 209 1447 καὶ
250 1397 415 1463 φόβου
462 1398 653 1466 πληρης
703 1399 948 1463 πέφυκας,
998 1411 1048 1449 et
1086 1403 1287 1448 Lucian.
1327 1402 1439 1447 dial.
1493 1411 1689 1450 mer.etr
1742 1404 1890 1464 XIII,
1933 1406 1967 1453 4
2010 1402 2177 1454 οὕτω

126 1482 350 1550 ἀγεννης,
408 1477 446 1534 ὦ
495 1482 655 1549 Ῡμνί,
713 1485 798 1534 καὶ
856 1484 1166 1552 μικρόψυχος
1218 1480 1288 1545 εἷς
1357 1489 1418 1532 ab
1475 1487 1646 1533 eodem
1701 1490 1825 1536 rhet.
1882 1505 2042 1552 praec.
2099 1430 2190 1573 26Ξ

128 1575 401 1635 iunguntur
439 1568 651 1638 ἀγεννὴς
688 1570 770 1620 καὶ
812 1569 985 1631 δειλός,
1043 1572 1100 1620 cf.
1140 1574 1252 1620 dial.
1307 1580 1451 1618 mort.
1505 1571 1584 1631 15,
1634 1574 1677 1619 1.
1726 1574 1785 1620 de
1822 1589 2044 1637 gymnas„
2085 1575 2190 1641 37.ξ

131 1660 251 1705 Huc
291 1659 415 1704 adde
455 1674 581 1718 quae
621 1659 896 1719 disputavit
933 1659 1198 1706 Jacobsius
1238 1658 1298 1703 ad
1339 1656 1602 1704 Aelianum
1642 1675 1685 1704 n.
1722 1675 1766 1706 a.
1795 1659 1854 1704 T.
1877 1659 1946 1706 II.
1973 1677 2019 1722 p.
2048 1660 2164 1708 527.
2172 1647 2190 1701 i

267 1743 416 1790 Babr.
457 1744 536 1801 92,
576 1745 606 1790 8
646 1738 982 1807 ὅδ’ώχριήσας
1021 1742 1268 1809 γομφίους
1314 1759 1362 1788 τε
1403 1738 1704 1806 συγκρούων.
1761 1740 1984 1805 Contigit
2035 1732 2190 1810 mihi}

127 1837 179 1875 ut
234 1830 280 1874 in
322 1829 543 1876 Luciano
583 1830 880 1890 persimilem
918 1831 1189 1876 invenirem
1229 1831 1416 1875 locum:
1456 1828 1565 1888 Iup.
1593 1828 1745 1889 Trag.
1786 1829 1854 1875 45
1892 1827 1940 1875 τί
1976 1826 2016 1876 δ’
2057 1812 2190 1898 οὗν,ξ

127 1904 164 1960 ὦ
204 1915 316 1972 Ζεῦ,
356 1911 606 1977 ὠχρίακας
643 1909 764 1977 ἡμῖν
816 1912 899 1962 καὶ
950 1917 1232 1979 συγκροτεῖς
1268 1908 1384 1970 τοὺς
1422 1908 1628 1970 ὀδόντας
1676 1907 1776 1961 ὑπὸ
1822 1916 1910 1961 τοῦ
1956 1899 2190 1979 τρόμουςξ

127 1998 447 2045 Herodianus
488 2001 548 2058 4„
575 2001 620 2058 5,
660 2000 724 2046 15
778 2002 1037 2047 coniunxit
1074 1995 1267 2063 τρέμειν
1323 2014 1372 2044 τε
1410 1994 1494 2044 καὶ
1547 1994 1745 2063 ὠχριᾶν,
1798 1998 1855 2046 cf.
1895 1999 2014 2048 Luc.
2053 1994 2190 2048 dial..'

126 2084 260 2131 deor.
302 2085 383 2143 20,
426 2086 468 2131 7.
509 2086 767 2146 Peregrin.
809 2087 888 2132 33.
931 2086 1126 2132 conviv.
1169 2086 1248 2131 29.
2177 2088 2186 2150 1

271 2170 482 2215 Babrius
523 2172 672 2217 semel
711 2169 873 2217 καίτοι
914 2165 1031 2233 (pro
1071 2167 1269 2232 καίπερ)
1309 2185 1417 2215 cum
1455 2170 1720 2230 participio
1747 2169 1939 2217 iunxit:
1980 2171 2060 2231 93,
2103 2175 2190 2220 11’Ϊ

123 2253 286 2301 καίτοι
324 2256 420 2300 τῶν
459 2257 625 2300 κυνῶν
662 2271 720 2316 με
759 2251 1058 2318 τηρούντων.
1124 2256 1222 2311 Qui
1252 2271 1367 2301 usus
1395 2255 1527 2316 apud
1556 2255 1746 2316 priores
1773 2242 2190 2303 raro-invenitur?

128 2340 206 2397 (cf.
244 2339 337 2384 Kr.
377 2327 600 2385 Gramin.
640 2340 664 2384 I
704 2337 747 2399 ξ.
789 2340 868 2387 56.
910 2342 989 2398 13,
1029 2339 1112 2402 2):
1153 2340 1284 2400 apud
1323 2340 1534 2385 seriores
1559 2339 1844 2398 increbruit,
1881 2349 1930 2388 et
1954 2343 2187 2389 maxime·

132 2425 330 2484 quidem
373 2424 506 2485 apud
544 2423 834 2470 Lucianum.
914 2425 1152 2486 Exempla
1202 2425 1454 2472 Luc-ianea
1502 2432 1619 2470 sunt
1669 2425 1783 2472 dial.
1835 2441 1951 2473 mer.
2005 2428 2084 2487 12,
2124 2414 2190 2474 1.·-

129 2511 208 2567 11,
251 2509 297 2554 3.
339 2510 420 2567 13,
460 2511 504 2554 1.
547 2510 591 2554 2.
632 2526 732 2556 ver.
775 2512 889 2558 hist.
929 2511 967 2569 I,
1025 2511 1107 2557 28.
1147 2511 1259 2556 hist.
1300 2525 1489 2556 consor.
1539 2510 1621 2556 40.
1661 2510 1740 2556 57.
1768 2510 1896 2558 Tim.
1937 2511 2019 2558 34.
2055 2514 2186 2559 salt.⁴

127 2596 172 2640 8.
214 2596 295 2641 64.
338 2595 422 2640 79.
463 2594 611 2640 Alex.
652 2596 696 2641 3.
736 2595 850 2642 dial.
894 2596 1029 2642 deor.
1081 2596 1125 2652 2,
1179 2596 1223 2640 2.
1267 2595 1345 2652 19,
1402 2594 1448 2640 2.
1488 2595 1687 2654 apolog.
1727 2595 1776 2642 4.
1815 2595 2043 2643 Hermot.
2085 2597 2165 2650 36,

129 2680 210 2726 68.
252 2679 404 2725 Zenx.
446 2680 492 2725 5.
532 2679 687 2726 abdic.
731 2680 818 2726 19:
862 2681 941 2727 32.
982 2681 1190 2740 Lexiph.
1231 2681 1275 2726 2.
1329 2680 1407 2725 10.
1445 2679 1562 2740 Jup.
1603 2687 1729 2740 trag.
1769 2681 1816 2726 6.
1854 2679 2076 2742 Philops.
2116 2682 2163 2730 6.

133 2764 214 2810 35.
254 2764 509 2825 Peregrin.
563 2766 644 2812 33.
681 2780 756 2825 ep.
798 2764 997 2812 Saturn.
1038 2767 1081 2823 1,
1121 2766 1203 2812 23.
1243 2764 1365 2811 Ner.
1422 2766 1466 2811 7.
1518 2765 1596 2811 10.
1675 2762 1951 2811 Charidem.
1992 2766 2046 2811 8.“
2078 2766 2158 2812 17.

33 2868 36 2872 Δ
131 2848 331 2909 Nigrin.
372 2850 417 2895 8.
469 2851 553 2896 20.
595 2849 711 2895 Huc
750 2850 929 2895 addere
957 2851 1103 2896 liceat
1141 2866 1203 2895 ex
1230 2850 1691 2910 Epistolographis:
1732 2850 1958 2910 Alciphr.
1999 2852 2042 2908 1,
2082 2849 2165 2907 39,

129 2937 174 2980 2.
218 2936 391 2996 Synes.
432 2935 573 2995 epist.
614 2935 693 2980 24.
735 2952 779 2994 p.
822 2934 939 2994 175,
978 2936 1022 2980 d.
1064 2935 1144 2982 94.
1187 2951 1232 2995 p.
1274 2935 1390 2993 233,
1429 2951 1471 2980 a.
1510 2934 1708 2980 Phalar.
1739 2934 1852 2993 119,
1875 2935 1920 2981 3.
1946 2934 2190 2994 Procop..

130 3037 204 3080 ep.
247 3020 327 3066 59.
369 3021 451 3067 61.
491 3021 572 3066 63.
616 3020 696 3077 66,
736 3036 797 3066 ex
837 3021 1081 3067 Eroticis:
1121 3021 1279 3078 Long.
1321 3021 1365 3075 3,
1405 3021 1450 3078 8,
1503 3021 1548 3065 2.
1623 3017 1810 3065 Charit.
1847 3020 1887 3078 I,
1927 3020 1972 3077 3,
2013 3020 2057 3065 1.
2094 3018 2164 3077 II,

131 3106 174 3162 1,
218 3107 261 3150 1.
301 3105 428 3150 Xen.
468 3105 649 3165 Ephes.
693 3107 735 3163 1,
777 3106 822 3163 2,
863 3107 907 3152 8.
945 3106 1144 3152 Heliod.
1186 3106 1230 3162 6,
1273 3107 1351 3150 11.
1395 3106 1439 3163 7,
1478 3106 1558 3150 21.
1601 3103 1682 3150 26.

274 3188 507 3248 Denique
551 3205 659 3234 cum
700 3190 1010 3252 Alciphrone
1050 3190 1234 3236 Babrio
1274 3191 1429 3235 multa
1472 3180 1755 3234 communia
1793 3194 1924 3246 sunt,
1964 3195 2019 3234 ut
2057 3203 2164 3234 cum

138 3275 364 3320 omnibus
402 3273 502 3318 fere
540 3275 980 3336 Epistolographis
1021 3302 1088 3307 —
1140 3290 1266 3334 quos
1307 3273 1571 3333 aliquoties
1632 3274 1728 3318 iam
1766 3273 1912 3318 attuli
1949 3272 2166 3333 saepius-

130 3375 228 3417 que
267 3359 393 3404 infra
431 3358 652 3406 afferam.
728 3360 843 3405 Hoc
882 3362 994 3406 loco
1035 3375 1364 3406 commemoro
1405 3366 1599 3404 tantum
1639 3357 1776 3403 vocis
1815 3351 1960 3418 ἐξοχή
1998 3371 2163 3402 usum:

127 3444 276 3490 Babr.
338 3446 417 3501 18,
474 3445 502 3490 8
578 3440 756 3506 πέτρης
809 3446 969 3491 νῶτον
1018 3443 1161 3512 ἐξοχῇ
1214 3443 1396 3500 κλίνας.
1453 3443 1678 3502 Alciphr.
1717 3441 1807 3502 frg.
1847 3441 1892 3498 6,
1930 3441 1964 3486 4
2002 3435 2164 3502 ἔξοχαὶ

127 3529 224 3574 τῶν
262 3526 539 3592 πετριδίων.
580 3530 638 3576 cf.
682 3529 835 3575 Bekk.
875 3530 1064 3575 Anecd.
1106 3547 1149 3590 p.
1193 3531 1310 3588 433,
1351 3530 1432 3576 31.
1813 3553 1819 3558 ·

266 3613 524 3661 Hactenus
565 3614 624 3660 de
668 3614 742 3671 iis,
783 3630 909 3673 quos
949 3614 1121 3660 Babrii
1160 3614 1259 3659 fere
1298 3614 1531 3674 aequales
1558 3612 1708 3658 fuisse
1735 3624 1928 3656 censeo.
1968 3610 2174 3666 Restat,>
