2332 4134
48 0 78 44 ³·-

374 528 712 558 *ak-zw-

1030 270 1237 319 11—

999 441 1117 496 121)

371 601 429 652 ἐκ
466 603 561 651 τοῦ
602 600 791 662 μέλους
831 598 876 650 δ’
911 598 1147 658 ἕγνωςαν
1186 598 1237 649 αἱ
1279 598 1357 650 δύ’
1397 597 1624 660 ἀλλήλας

370 687 453 737 καὶ
493 686 555 748 δὴ
596 685 959 748 προςέπτηςάν
999 701 1053 735 τε
1096 686 1177 735 καὶ
1216 685 1599 747 προςωμίλουν.

373 773 404 835 ἦ
444 774 539 836 μὲν
578 772 798 834 χελιδὼν
838 768 975 820 εἶπε·
1014 764 1281 833 “φιλτάτη,
1321 771 1492 823 Ζώοις.

370 861 586 922 πρῶτον
626 857 801 920 βλέπω
843 872 894 905 ςε
935 856 1162 918 ςήμερόν
1200 857 1260 917 μέ
1299 855 1343 905 τ’
1383 855 1696 918 ἀθράκτους.

303 959 329 996 5
368 945 414 995 τί
454 961 531 996 ςοι
571 944 795 1006 δροςίζει
833 946 1005 993 νῶτον
1046 941 1264 1004 ἔννυχος
1303 943 1448 1004 κοίτη

371 1031 454 1082 καὶ
493 1034 663 1092 καῦμα
702 1028 910 1088 θάλπει;
954 1027 1126 1079 πάντα
1166 1028 1212 1080 δ’
1254 1027 1387 1091 ἄγρι)
1427 1029 1647 1091 ήντήκει.

372 1115 483 1168 ἀλλ’
522 1115 629 1167 ἔλθ’
669 1116 722 1165 ἐς
761 1114 928 1178 ἀγρὸν
968 1115 1051 1165 καὶ
1091 1115 1225 1177 πρὸς
1264 1113 1414 1165 οἶκον
1455 1113 1782 1176 ἀνθρώπων·

370 1203 619 1265 ςύςκηνος
657 1202 776 1264 ἡμῖν
815 1202 899 1252 καὶ
939 1201 1064 1265 φίλη
1106 1201 1438 1263 κατοικήςεις,

371 1287 510 1340 ὅπου
549 1290 805 1351 γεωργοῖς
844 1287 992 1349 κούχὶ
1031 1287 1233 1350 Θηρίοις
1272 1285 1441 1354 ᾄςεις.’

279 1387 331 1426 10
369 1369 507 1436 ‘th-'²
547 1374 650 1438 ἔφη
690 1369 928 1436 (ςεαυτὴν
968 1374 1110 1437 ςοφὰ
1150 1376 1380 1424 λαλοῡςα
1419 1373 1644 1440 μηνύςῃς

370 1463 454 1514 καὶ
492 1461 558 1524 μή
600 1460 648 1523 μ’
689 1460 897 1524 ὀρεινῆς
938 1459 1171 1523 ὀργάδος
1211 1461 1269 1511 ςυ
1309 1461 1588 1527 χωρίςςῃς·

371 1548 500 1611 μετὰ
539 1550 630 1610 τῆς
668 1546 890 1609 Ἀθηνᾶς
931 1545 1102 1609 ἄνδρα
1141 1547 1224 1597 καὶ
1264 1546 1417 1598 πόλιν
1456 1546 1675 1610 φεύγω.’

447 1631 769 1700 [παραμυθία
807 1632 883 1683 τίς
922 1632 1025 1682 ἑςτι
1065 1635 1155 1693 τῆς
1196 1634 1356 1694 κακῆς
1396 1631 1580 1694 μοίρης

2059 960 2097 988 16

2059 1046 2094 1076 17

2060 1133 2097 1160 11

2059 1304 2097 1333 13

2059 1390 2097 1419 18

2057 1562 2097 1592 22

371 1719 531 1780 λόγος
570 1719 739 1783 ςοφὸς
778 1719 861 1769 καὶ
901 1721 1068 1780 μοῡςα
1107 1718 1190 1768 καὶ
1230 1719 1372 1782 φυγὴ
1414 1717 1684 1784 πλήθους]
2059 1733 2099 1763 26

1026 1875 1098 1931 13

371 1975 559 2029 Αὔλαξι
598 1977 790 2028 λεπτὰς
829 1977 1053 2038 παγίδας
1094 1975 1324 2039 ἀγρότης
1362 1977 1528 2039 πήξας

372 2062 632 2125 γεράνους
670 2065 976 2125 ςπορευτῶν
1013 2063 1264 2126 πολεμίας
1303 2063 1613 2126 ςυνειλήφει.

372 2151 566 2200 τοῦτον
604 2149 868 2211 πελαργὸς
896 2147 1104 2200 ἱκέτευε
1144 2149 1398 2211 χωλεύων

373 2234 532 2299 (ὁμοῦ
574 2235 675 2297 γὰρ
717 2234 899 2285 αὐταῖς
938 2236 1022 2286 καὶ
1061 2235 1324 2298 πελαργὸς
1363 2234 1601 2298 ἡλώκει)·

370 2315 496 2372 εοὐκ
534 2320 632 2383 εἰμὶ
670 2321 910 2383 γέρανος,
950 2320 1015 2371 οὐ
1056 2321 1257 2384 ςπόρον
1297 2321 1664 2385 καταφθείρω·
2070 2337 2094 2373 5

372 2407 635 2470 πελαργός
674 2407 772 2470 εἰμι
813 2407 894 2470 (χὴ
935 2407 1067 2470 χρόη
1109 2425 1170 2471 με
1210 2408 1474 2471 ςημαίνει),

373 2496 586 2556 πτηνῶν
623 2493 887 2556 πελαργὸς
927 2493 1295 2556 εύςεβέςτατον
1335 2495 1508 2560 ζῴων.

370 2579 466 2630 τὸν
505 2579 634 2642 ἐμὸν
673 2581 865 2640 τιθηνῶ
906 2579 1108 2642 πατέρα
1148 2580 1230 2630 καὶ
1270 2578 1573 2642 νοςηλεύω.’

373 2663 612 2716 κάκεῖνος
651 2663 720 2716 <ὦ
759 2665 1002 2727 πελαργέ,
1043 2665 1140 2716 τίνι
1181 2666 1275 2733 βίῳ
1321 2665 1515 2728 χαίρεις

373 2750 471 2803 οὐκ
509 2745 658 2802 οἶδα’
698 2750 883 2814 φηςίν·
928 2749 1085 2802 ζἀλλὰ
1125 2755 1286 2803 τοῦτο
1326 2752 1580 2813 γινώςκω,
2046 2764 2098 2802 10

372 2836 564 2901 ἔλαβόν
603 2853 656 2888 ςε
696 2838 788 2887 ςὺν
826 2839 938 2888 ταῖς
983 2837 1111 2900 ἔργα
1150 2836 1289 2900 τάμὰ
1328 2839 1664 2900 πορθούςαις.

376 2923 546 2989 ἀπολῇ
586 2922 695 2986 μετ’
736 2922 912 2974 αὐτῶν
952 2927 1253 2986 τοιγαροῦν,
1293 2923 1404 2986 μεθ>
1445 2922 1520 2975 ῶν
1560 2923 1733 2986 ἥλως.’

446 3006 643 3079 [κακοῖς
683 3008 880 3071 ὁμιλῶν
921 3007 992 3058 ὡς
1033 3009 1222 3060 ἐκεῖνοι
1261 3010 1454 3077 μιςήςῃ,

374 3094 471 3146 κᾶν
510 3096 672 3158 μηδὲν
713 3095 874 3146 αὐτὸς
913 3096 1038 3146 τοὺς
1077 3096 1238 3146 πέλας
1285 3095 1666 3164 καταβλάψῃς.]

203 3193 261 3247 Ὁ
300 3194 459 3256 λόγος
498 3195 723 3247 διδάςκει
761 3196 976 3259 φεύγειν
1016 3196 1148 3258 ἡμᾶς
1187 3197 1280 3247 τὰς
1329 3199 1436 3247 τῶν
1489 3200 1740 3260 πονηρῶν
1793 3195 2096 3260 ἀνθρώπων

33 3280 326 3343 κοινωνίας,
361 3279 450 3333 ἵνα
486 3282 552 3345 μὴ
592 3285 653 3347 τῇ
695 3281 872 3333 αὐτῶν
911 3282 1063 3348 κακίᾳ
1103 3283 1532 3345 ςυναπολῶμεθα.

204 3479 296 3525 12b
335 3481 522 3523 fortasse
552 3484 724 3523 initium
756 3483 839 3523 hoc
870 3482 973 3523 fuit:

589 3538 761 3593 Ἀγροῡ
793 3538 995 3593 χελιδὼν
1029 3540 1208 3594 μακρὸν
1241 3539 1531 3592 ἑξεπωτήθη,

591 3595 774 3649 ἀηδόνα
807 3596 858 3638 δέ
890 3596 975 3638 τιν’
1008 3597 1261 3649 ὀξύφωνον
1294 3596 1504 3651 εὑρήκει·

34 3651 62 3691 3
91 3649 230 3695 ζώοις
260 3654 414 3706 scripsi
444 3666 543 3693 cum
574 3667 600 3694 a
632 3652 761 3708 Gud.]
794 3652 973 3707 χαίροις
1005 3655 1218 3707 Tyrwhitt

208 3720 263 3767 13
294 3723 328 3767 Α
361 3723 461 3767 814
499 3745 558 3754 —
596 3727 620 3764 2
654 3729 926 3779 ςπορευτῶν
961 3724 1010 3778 G]
1053 3725 1294 3779 ςποραίων
1327 3726 1360 3769 Α
1393 3725 1614 3779 ςποράων
1646 3726 1729 3765 Fix
1832 3723 2090 3778 ςυνεῑλήφη

35 3789 99 3830 pr·
121 3777 156 3822 Α
244 3781 270 3821 8
300 3780 524 3824 νοςιλεύω
558 3781 591 3824 Α
681 3781 888 3835 [13—14]
927 3783 954 3825 Ι.
1048 3786 1095 3822 13
1129 3781 1322 3826 ἐκείνοις
1355 3781 1580 3836 μιςηθήςῃ
1615 3782 1649 3825 Α
