2332 4134
886 290 954 298 -—
1032 258 1274 311 103—

473 402 688 469 [ἄνδρας
727 403 1019 466 διγνώμους
1057 402 1182 454 τοὺς
1219 402 1350 453 ποτὲ
1388 402 1483 465 μὲν
1522 401 1868 455 ἐπαινοῦντας

394 490 527 541 ποτὲ
565 490 625 541 δὲ
664 489 925 553 ψέγοντας
963 488 994 540 ὁ
1033 487 1192 549 λόγος
1221 485 1337 556 <ὅδ’
1375 484 1751 555 έπ>ονειδίζει.]

395 695 650 760 Ποταμός
687 695 887 759 Χύτραν
917 693 1055 763 <τις>
1087 695 1437 760 ςυγκατέφερε
1476 693 1718 763 χαλκείῳ.

396 781 562 845 χύτρα
601 782 663 833 δὲ
702 781 903 850 τούτῳ·
946 779 1226 844 ζμακρόθεν
1264 781 1587 849 κολυμβήςῃς

395 868 479 920 καὶ
518 868 585 932 μὴ
625 866 919 931 πάρεγγυς·
958 868 1045 931 μοὶ
1081 867 1181 931 γὰρ
1220 868 1286 930 ἢν
1325 868 1383 919 ςὺ
1422 867 1779 935 προςψαύςῃς,

395 953 592 1017 κλῶμαί
629 953 675 1004 τ’
714 953 818 1015 ἐγὼ
859 952 956 1005 κᾶν
994 954 1061 1017 μὴ
1102 954 1325 1006 θέλουςα
1362 951 1718 1019 προςψαύςω.’

221 1038 338 1092 Ὅτι
386 1039 674 1104 ἑπιςφαλής
733 1038 835 1091 έςτι
883 1039 993 1104 βίος
1042 1040 1223 1103 πένητι
1278 1040 1538 1092 δυνάςτου
1596 1038 1835 1104 ἅρπαγος
1889 1039 2108 1105 πληςίον

0 1147 1 1150 “
51 1127 450 1190 παροικοῦντος.

1010 1239 1130 1296 185

390 1326 739 1395 Ὧδοιπόρηςέ
778 1348 910 1383 ποτε
947 1333 1085 1384 λέων
1125 1333 1215 1384 ςὺν
1254 1332 1538 1401 ἀνθρώπῳ.

389 1418 598 1470 τούτων
636 1416 683 1469 δ’
721 1417 971 1481 ἑκάτερος
1010 1421 1119 1470 τοῑς
1157 1418 1335 1480 λόγοις
1374 1419 1695 1482 ἐκαυχῶντο.

390 1503 596 1556 ἐνόδιος
634 1502 787 1566 ἔτυχε
826 1502 872 1555 δ’
911 1503 1041 1555 οὗςα
1079 1505 1291 1567 πετρίνη
1334 1506 1487 1567 ςτήλη

386 1591 576 1643 λέοντα
616 1590 1032 1652 καταπνίγοντος
1071 1589 1291 1654 ἀνδρός”
1330 1592 1395 1654 ἣν
1434 1590 1605 1644 δείξας

394 1676 526 1741 ἀνήρ
572 1675 729 1744 “ὁρᾷς’
770 1677 942 1729 λέοντί
980 1694 1103 1742 φηςι
1141 1675 1271 1728 (πῶς
1309 1676 1459 1740 ὕμων
2078 1690 2104 1728 5

393 1763 537 1827 ἡμεῖς
568 1761 688 1831 <γε>
719 1763 987 1827 κρείττους
1028 1761 1221 1827 ἑςμέν;’
1259 1761 1289 1814 ὁ
1330 1764 1390 1815 δὲ
1421 1762 1591 1830 <λὲων
1627 1760 1834 1831 τούτῳ>

386 1844 518 1902 (ἀλλ’
555 1849 599 1902 εἰ
637 1848 862 1902 λέοντες’
902 1848 1046 1901 εἶπεν
1085 1848 1292 1917 εᾔδεςαν
1329 1850 1539 1914 γλύψαι,

389 1936 619 1988 πολλοὺς
659 1935 724 1988 ἂν
763 1934 898 1988 εἶδες
937 1934 1043 1987 ὑπὸ
1082 1935 1297 1987 λέοντος
1339 1933 1673 1999 ἀνθρώπους.

219 2021 337 2074 Ὅτι
392 2021 580 2074 πολλοὶ
632 2024 928 2085 καυχῶνται
976 2021 1062 2073 διὰ
1099 2020 1277 2082 λόγων
1317 2020 1550 2085 ἀνδρεῖοι
1594 2020 1725 2073 εἶναι
1772 2022 1856 2073 καὶ
1895 2025 2100 2086 θραςεῖς

49 2105 143 2159 οὓς
178 2106 210 2170 ἡ
249 2109 404 2171 πεῖρα
440 2108 827 2172 γυμναςθέντας
867 2107 1135 2170 ἐξελέγχει.

48 2264 277 2308 καπνὸν
324 2265 376 2307 ἐν
419 2263 477 2318 τῇ
512 2263 630 2318 ἄκρᾳ
662 2265 748 2305 τοῦ
782 2263 923 2317 ὄρους
955 2263 1014 2304 ἑκ
1060 2263 1279 2317 πέτρας
1325 2263 1454 2306 τινὸς
1502 2263 1750 2306 ἀνιόντα
1797 2261 1960 2315 ἰδών,
1991 2263 2102 2307 ἔνθα

51 2323 317 2377 ςάτυρος,
342 2321 426 2364 οὓς
456 2320 642 2372 λέγουςι
671 2318 872 2363 παίκτας
901 2319 1155 2366 (τέκταςΜ)
1189 2320 1462 2373 κατῴκει,
1490 2321 1609 2364 ἐκεῖ
1639 2319 1908 2374 ἀπῆλθεν.
1954 2321 2103 2364 αὐτὸς

23 2379 110 2423 -δὲ
140 2379 227 2424 τὸν
260 2379 395 2422 ξένον
427 2375 730 2431 οἰκτείρας
771 2376 1014 2431 ἐπειςῆγεν
1037 2377 1146 2428 (ἔςω
1171 2375 1421 2430 εἰςήγαγεν
1445 2379 1515 2431 Μ).
1564 2378 1589 2420 ὁ
1623 2378 1681 2421 δὲ
1712 2377 1892 2420 πολλὰ
1924 2379 2102 2432 ῥιγῶν

45 2437 114 2492 τῇ
144 2436 295 2492 πνοῇ
324 2438 412 2478 τοῦ
445 2435 677 2487 ςτόματος
718 2434 804 2478 τὰς
843 2438 1049 2489 χεῖρας
1092 2434 1348 2489 ἑθέρμανεν
1380 2435 1689 2490 (ἑπέθερμανε
1723 2436 1793 2489 Μ).
1822 2434 2104 2480 κάκεῖνος

49 2493 206 2548 αὐτῷ
237 2492 420 2548 θερμὰ
453 2493 538 2546 μὲν
569 2495 745 2545 φαγεῖν
777 2492 996 2534 δέδωκε
1027 2493 1118 2534 καὶ
1140 2491 1321 2546 θερμὰ
1342 2497 1467 2536 πιεῖν
1488 2493 1724 2547 καὶπυρὶ
1747 2492 2101 2537 κατέθαλπεν.

51 2552 118 2595 ὡς
148 2551 199 2594 δὲ
228 2550 414 2606 ἵδρωςε,
459 2550 526 2604 τῇ
572 2549 719 2604 πνοῇ
750 2549 923 2592 πάλιν
954 2548 1040 2593 τὰς
1069 2553 1278 2603 χεῖρας
1308 2550 1632 2604 κατέψυχεν.
1691 2550 1718 2592 ὁ
1751 2550 1810 2593 δὲ
1843 2550 2102 2606 ςάτυρος

48 2611 225 2652 τοῦτον
271 2608 441 2661 ἐξῆγε
487 2607 711 2649 ’κακοῦ’
756 2606 913 2659 λέγων
960 2606 1154 2650 (ξένον
1198 2605 1408 2661 χρείαν
1454 2608 1557 2650 οὐκ
1589 2608 1724 2661 ἔχω,
1756 2607 1818 2651 ὃς
1848 2608 1964 2650 ποτὲ
1999 2609 2101 2660 μὲν

45 2665 278 2776 θερμόν1
321 2664 530 2766 ποτὲὸδὲ
563 2664 791 2719 ψυχρὸν
824 2663 874 2706 ἐκ
904 2666 992 2706 τοῦ
1025 2664 1257 2716 ςτόματος
1280 2663 1609 2717 ἀςθμαίνει’
1642 2665 1729 2709 ΒΜ
1775 2685 1834 2696 -
1882 2668 2035 2706 1-11
2061 2672 2100 2707 et

72 2725 259 2765 12—13
309 2727 412 2764 rest.

50 2723 70 2779 [
222 2779 314 2824 184
344 2780 376 2823 Β
401 2780 482 2820 147
515 2778 543 2821 F
565 2780 648 2819 329
690 2778 820 2823 (2290
869 2778 994 2821 Χύτ
1013 2792 1039 2832 ρ
1059 2791 1131 2820 αν
1162 2778 1447 2833 ὀςτρακίνην
1478 2781 1554 2822 καί
1584 2781 1764 2833 χαλκῆν
1794 2792 1916 2823 ποτ
1935 2792 1964 2822 α
1983 2779 2056 2832 μὸ
2075 2792 2099 2823 ς

44 2836 437 2890 κατέφερεν.
468 2836 498 2889 ή
523 2834 920 2890 δὲόςτρακίνητῇ
939 2837 1085 2889 χαλκῇ
1106 2835 1657 2891 ἔλεγεν·“μακρόθεν
1679 2850 1768 2889 μου
1801 2837 1960 2880 κολύ
1982 2838 2100 2889 μβα

44 2894 153 2937 καὶ
187 2891 639 2946 μὴπληςίον·ὲὰν
669 2893 792 2947 γάρ
828 2905 932 2946 μοι
964 2893 1029 2935 ςὺ
1061 2894 2014 2948 προςψαύςῃς(μοιςυμπροψαύςεις
2037 2894 2098 2943 F),

44 2952 416 3003 κατακλῶμαι,
448 2950 550 2992 κᾶν
582 2963 643 2994 τε
675 2950 786 3002 ἐγὼ
833 2950 901 3002 μὴ
934 2949 1183 2992 θέλουςα
1216 2950 1357 3003 (θέλω
1397 2963 1466 2995 ςοι
1497 2951 1544 3000 0)
1575 2951 1938 3006 προςψαύςω
1974 2954 2102 3005 (upo-

45 3010 222 3061 ψαῠςαι
254 3008 282 3052 f
312 3009 611 3062 προςψαῦςαι
643 3007 692 3057 G)
727 3006 855 3053 Bf‘c
898 3025 957 3034 —
1004 3010 1130 3048 1—4
1159 3012 1261 3050 rest.
1293 3008 1323 3051 G
1471 3012 1599 3062 epim.
1633 3008 1661 3053 f
1678 3007 1708 3053 (2
1740 3025 1794 3045 =
1827 3008 1859 3052 Β
1882 3010 2096 3062 promyth.

51 3064 264 3120 ἅρπαγος
297 3064 347 3119 Β]
379 3064 611 3118 ἄρχοντος
644 3064 671 3108 f
685 3063 715 3109 0

217 3121 303 3165 185
349 3122 484 3166 8148
532 3121 567 3164 Μ
595 3124 650 3162 32
702 3121 828 3165 17169
875 3139 930 3158 --
977 3120 1007 3165 C
1048 3136 1090 3175 p.
1123 3123 1206 3162 374
1247 3118 1475 3164 (32191-4
1513 3123 1743 3163 Eberhard
1787 3124 1867 3163 173
1928 3121 2099 3165 ’Ὠδευέ

47 3190 209 3222 ποτε
252 3178 423 3222 λέων
470 3178 582 3221 ςὺν
623 3177 949 3234 ἀνθρώπῳ
997 3177 1284 3232 (ἀνθρώποις
1317 3178 1384 3232 Μ).
1417 3178 1612 3222 ἕκαςτος
1646 3179 1710 3221 δὲ
1759 3178 1922 3221 αὐτῶν
1952 3182 2098 3222 τοῖς

46 3235 249 3287 λόγοις
294 3234 651 3288 ἐκαυχῶντο.
711 3237 788 3279 καὶ
835 3237 892 3289 δὴ
940 3235 990 3278 ἐν
1035 3235 1093 3290 τῇ
1141 3235 1240 3289 ὁδῷ
1287 3234 1348 3288 ἦν
1381 3233 1600 3291 ἀνδρὸς
1633 3235 1813 3289 ςτήλη
1845 3234 2095 3289 πετρίνη

49 3292 264 3337 λέοντα
308 3290 572 3344 πνίγουςα
614 3293 888 3346 (πνιγούςης
922 3293 994 3344 Μ).
1030 3292 1056 3334 ὁ
1089 3292 1139 3334 δὲ
1171 3291 1318 3346 ἀνὴρ
1350 3292 1720 3336 ὑποδείξας
1750 3296 1835 3347 τῷ
1866 3291 2096 3335 λέοντι

48 3349 183 3403 ἔφη·
223 3349 387 3405 “ὁρᾷς
428 3349 489 3392 ςὺ
530 3350 601 3394 (ςὺ
644 3365 726 3395 om.
760 3351 814 3402 Μ)
860 3353 979 3393 πῶς
1011 3349 1160 3402 (ὅπως
1183 3350 1239 3399 Μ)
1275 3349 1451 3400 ἑςμεν
1497 3350 1658 3402 ὑμῶν
1703 3347 2098 3403 κρείττονας’

45 3405 260 3451 κάκεῖνος
306 3406 472 3449 εἶπεν
522 3406 852 3458 ὑπομειδιάςας
899 3407 940 3462 (ὁ
973 3407 1024 3450 δὲ
1059 3406 1152 3459 ἔφη
1202 3405 1273 3451 Μ)·
1319 3403 1382 3449 *εἰ
1427 3406 1618 3451 λέοντες
1665 3406 1870 3458 (λέοντες
1921 3421 2005 3448 om.
2039 3407 2096 3457 Μ)

44 3463 229 3519 ᾕδεις
247 3476 320 3507 αν
339 3462 554 3516 γλύφειν,
576 3466 830 3507 πολλοὺς
852 3464 918 3507 ἂν
942 3464 1018 3515 (ἂν
1041 3477 1124 3506 om.
1152 3463 1210 3517 Μ)
1233 3463 1408 3517 ἄνδρας
1440 3465 1535 3506 εῖδ
1554 3478 1575 3507 ε
1593 3476 1615 3507 ς
1646 3464 1673 3506 ὑ
1691 3463 1902 3506 ποκάτω
1925 3465 1951 3506 λ
1969 3463 2099 3506 έον·

46 3521 178 3563 τος’
209 3521 241 3564 Β
263 3522 299 3567 Μ
345 3539 404 3550 -
453 3523 576 3561 1-8
607 3526 696 3562 rest
726 3521 757 3566 G
906 3524 927 3562 1
960 3520 1080 3573 ὁμοῦ
1113 3519 1238 3563 λέων
1270 3521 1420 3564 ὥδευε
1444 3520 1609 3573 δήποτ’
1633 3519 1902 3575 ἀνθρώπῳῗ
1960 3522 2099 3562 Eber-

47 3577 210 3619 hardns
239 3579 351 3619 duce
383 3575 437 3620 0¹
467 3591 476 3616 :
508 3577 632 3620 λέων
664 3578 748 3621 ςὺν
772 3577 1016 3632 ἀνθρώπῳ
1050 3577 1230 3621 ὥδευεν
1253 3578 1372 3630 ὁμοῦ
1510 3579 1637 3618 6-8
1667 3578 1694 3619 ὁ
1726 3577 1784 3620 δὲ
1814 3577 1969 3620 λέων
2000 3577 2094 3630 ἔφη

48 3631 120 3676 *εἰ
146 3634 363 3689 ᾖδεςαν
394 3632 905 3688 λέοντεςγλύφειν,
936 3634 1225 3678 πολλοὺς
1256 3633 1744 3688 ἀνθρώπουςᾶν
1776 3634 1953 3678 εἶδες
1983 3634 2098 3676 ὕπο-

47 3689 178 3733 κάτω
195 3691 409 3735 λέοντων
442 3689 501 3735 Cl
523 3738 525 3740 ,
640 3693 663 3731 7
697 3691 757 3736 03
781 3692 1102 3744 (tetrastichon)
1125 3693 1210 3732 nisi
1240 3692 1357 3745 quod
1378 3692 1511 3732 habet
1532 3690 1748 3747 γλύφειν]
1776 3722 1814 3732 ..
1844 3689 1885 3734 εἰ
1904 3690 2095 3734 λέοντες

46 3745 217 3801 ᾖδεςαν
235 3749 413 3802 γλύψαι
432 3748 660 3789 Eberhard
777 3751 904 3803 epim.
937 3766 992 3785 =
1025 3749 1056 3792 Β
1089 3749 1304 3802 promyth.
1345 3746 1617 3802 ἐπαίρονται
1648 3749 1724 3791 καὶ
1755 3750 2028 3801 καυχῶνται
2057 3748 2098 3792 Μ

53 3803 197 3856 λόγον
229 3805 264 3849 Μ
413 3805 487 3846 καὶ
518 3805 701 3858 θαρςεῖς
733 3806 851 3849 εἶναι
883 3806 919 3850 Μ
