2332 4134
1073 282 1430 332 „34—

571 429 726 497 [ἅπας
765 429 795 480 ὁ
834 427 1071 491 λαμπρὸς
1107 427 1214 475 τῶν
1253 422 1553 475 ἐλαττόνων
1591 423 1788 484 μᾶλλον

568 516 651 566 καὶ
692 514 853 568 δόξαν
892 512 1006 574 ἔςχε
1045 510 1318 574 χὺπέμεινε
1356 505 1664 573 κινδύνους.]

398 598 457 652 Ὁ
506 603 670 664 μῦθος
715 600 849 662 πρὸς
897 598 1021 649 τοὺς
1068 597 1326 658 κοςμικαῖς
1379 591 1563 656 ἀρχαῖς
1610 591 2146 655 μεγαλοφρονοῦντας
2193 590 2276 642 καὶ
2320 607 2332 671 ,ξ

230 685 315 737 διὰ
352 689 511 738 τοῦτο
550 688 658 736 τῶν
693 685 852 736 πέλας
890 681 1390 744 κατεπαιρομένους,
1440 678 1495 729 οἳ
1533 677 1662 740 μετὰ
1702 675 2012 739 αὐταρκείας
2050 677 2282 740 βιοῦντες
2320 682 2332 733 ,ἒ

229 769 513 823 κάντεῦθεν
549 773 656 821 τῶν
695 769 935 833 μεγάλων
974 766 1286 831 ἑκφεύγουςι
1325 763 1600 816 κινδύνων.

1212 907 1291 964 65

566 1005 746 1067 ’Ἠριζε
784 1003 1006 1066 γέρανος
1046 1001 1231 1065 εὐφυεῖ
1266 1005 1406 1068 ταῷ,
1445 1000 1614 1064 τέφρη

571 1090 755 1141 ςείοντι
794 1090 984 1152 χρυςᾶς
1022 1088 1297 1150 πτέρυγας.
1355 1079 1484 1138 (ἀλλ’
1525 1085 1629 1146 ἐγὼ
1668 1073 1897 1135 ταύταιό

571 1176 602 1238 ἡ
641 1176 863 1238 γέρανος
901 1172 1046 1225 εἶπεν
1085 1171 1178 1223 “ῶν
1216 1173 1274 1223 ςύ
1311 1172 1407 1235 τὴν
1444 1170 1611 1235 χρόην
1652 1170 1915 1230 ςκώπτεις,

572 1260 778 1324 ἄςτρων
817 1259 1060 1320 ςύνεγγυς
1097 1257 1314 1321 ἵπταμαί
1352 1274 1408 1308 τε
1447 1255 1706 1320 κάκρίζω·
2328 1310 2329 1314 Ἰ

569 1347 626 1397 ςύ
667 1344 712 1396 δ’
749 1345 820 1396 ὡς
859 1343 1095 1406 ἀλέκτωρ
1135 1346 1308 1394 ταῖςδε
1347 1345 1458 1393 ταῖς
1496 1341 1836 1405 καταχρύςοις
2251 1353 2277 1391 5
2329 1366 2332 1367 ⁷

1270 1427 1472 1445 ,,,,,

643 1515 956 1583 [θαυμαςτὸς
995 1513 1125 1566 εἶναι
1163 1514 1254 1565 ςύν
1292 1513 1504 1578 τρίβωνι
1542 1512 1827 1575 βουλοίμην

568 1603 605 1665 ἢ
641 1605 735 1664 ζῆν
775 1600 983 1653 ἀδόξως
1020 1600 1241 1667 πλουςίᾳ
1280 1600 1370 1651 ςύν
1410 1595 1618 1667 ἐςθῆτι.]

570 1838 721 1889 Θεῶν
758 1837 1073 1900 Προμηθεὺς
1111 1834 1176 1899 ἦν
1214 1853 1312 1896 τις,
1352 1833 1484 1886 ἀλλὰ
1522 1837 1629 1885 τῶν
1667 1834 1911 1897 πρώτων.

568 1927 761 1975 τοῦτον
798 1923 984 1974 πλάςαι
1022 1923 1115 1985 μέν
1153 1938 1278 1986 φαςι
1317 1920 1575 1983 δεςπότην
1615 1921 1772 1985 ζῴων

572 2008 859 2071 ἄνθρωπον
897 2007 954 2058 έκ
990 2011 1108 2070 γῆς,
1145 2007 1202 2058 ἐκ
1239 2007 1299 2058 δὲ
1335 2009 1431 2057 τοῦ
1471 2006 1583 2057 δύω
1621 2006 1793 2068 πήρας

569 2093 814 2157 κρεμάςαι
853 2094 1091 2157 φέροντα
1128 2095 1248 2144 πᾶςι
1284 2095 1392 2144 τῶν
1431 2091 1488 2143 ἐν
1526 2090 1827 2155 ἀνθρώποις
1947 2154 1950 2158 ,

570 2182 745 2230 κακῶν
781 2179 1060 2242 γεμούςας,
1099 2179 1193 2241 τὴν
1231 2178 1413 2242 πρόςω
1454 2179 1547 2241 μὲν
1587 2176 1828 2239 ὀθνείων,
2159 2198 2165 2202 ·
2196 2200 2201 2203 ·
2254 2187 2280 2226 5

576 2264 723 2316 ἰδίων
763 2265 822 2315 δὲ
860 2265 953 2326 τὴν
993 2262 1220 2325 ὄπιςθεν,
1258 2263 1366 2326 ἥτις
1405 2262 1470 2326 ἦν
1507 2263 1716 2326 μείζων.

571 2349 653 2401 διό
693 2366 778 2412 μοι
817 2352 1027 2401 δοκοῦςι
1067 2349 1341 2413 ςυμφορὰς
1379 2350 1473 2411 μὲν
1512 2347 1761 2412 ἀλλήλων

573 2436 776 2498 βλέπειν
814 2433 1064 2498 ἀκριβῶς,
1104 2433 1314 2496 ἀγνοεῖν
1355 2436 1414 2486 δὲ
1452 2435 1545 2485 τὰς
1584 2433 1733 2486 οἴκοι.

1212 2571 1291 2626 67

574 2664 748 2727 Θήρης
786 2663 1015 2728 ὄναγρος
1053 2665 1136 2716 καὶ
1175 2665 1311 2715 λέων
1350 2664 1684 2725 ἐκοινώνουν,

572 2750 699 2815 ἀλκῇ
739 2750 833 2812 μὲν
872 2749 903 2800 ὁ
936 2750 1088 2811 λέων,
1129 2749 1159 2801 ὁ
1193 2748 1238 2801 δ’
1272 2748 1499 2812 ὄναγρος
1537 2749 1688 2801 ποςὶν
1727 2749 1987 2812 κρείςςων.

573 2834 686 2886 ἐπεὶ
724 2835 784 2885 δὲ
822 2834 962 2897 λείην
1000 2832 1143 2897 εἶχον
1184 2833 1428 2898 ἄφθονον
1466 2835 1639 2901 ζῴων,

402 2973 602 3029 [11—12]
633 2975 862 3016 Eberhard
980 2977 1031 3015 12
1062 2974 1138 3016 καὶ
1169 2974 1389 3026 ὑπέμεινε
1421 2974 1456 3018 Α
1549 2977 1677 3029 epim.
1708 2976 2126 3030 κατεπαιρομένων
2157 2988 2220 3028 pr.
2247 2972 2283 3018 A

233 3030 279 3086 οἳ
309 3030 361 3085 A]
397 3032 466 3074 ὧν
496 3046 558 3085 pr.
581 3031 617 3076 A
705 3029 988 3087 αὐταρκείας
1017 3030 1177 3086 Minas]
1212 3029 1471 3085 αὐταρκίας
1501 3031 1536 3076 Α
1643 3034 1858 3086 βιοῦντες
1887 3031 1940 3087 A]
1974 3036 2195 3088 βιοῦντας
2226 3031 2281 3087 (Ρ)

233 3104 296 3144 pr.
324 3088 359 3133 A
391 3090 534 3141 βιοῦςι
563 3089 792 3129 Eberhard
908 3088 1172 3142 ἑκφεύγωςι
1203 3088 1239 3132 Α

403 3145 463 3189 65
495 3144 531 3188 Α
561 3146 659 3188 847
691 3163 745 3182 =
777 3144 901 3190 0357
934 3146 1056 3188 1:376
1089 3163 1142 3182 =
1176 3145 1206 3190 G
1236 3160 1278 3199 p.
1300 3147 1383 3186 408
1420 3165 1479 3174 -
1516 3149 1535 3186 1
1570 3146 1699 3200 ἤριζε
1729 3146 1932 3202 γέρανος
1963 3146 2132 3201 εὐφυεῖ
2163 3149 2281 3202 ταῷ,

235 3202 388 3257 τέφρη
410 3201 461 3257 G]
484 3202 611 3256 ἤριζε
632 3201 785 3256 τέφρη
811 3201 1030 3255 (γέρανος
1053 3202 1240 3256 εὐφυεῖ)
1262 3206 1364 3256 ταῲ
1383 3201 1418 3246 Α
1438 3203 1565 3256 ἤριζε
1587 3203 1789 3257 γέρανος
1811 3203 1980 3258 εὐφυεῖ
1999 3206 2104 3259 ταῷ
2124 3203 2281 3258 τεφρή

233 3260 488 3300 Lachmann
574 3261 603 3299 4
631 3257 833 3313 κάκρίζω
869 3258 915 3313 G]
949 3260 1026 3301 καὶ
1056 3259 1214 3313 κράζω
1252 3259 1422 3311 (κλάζω
1446 3261 1506 3302 Μ.
1524 3260 1735 3312 Schmidt)
1759 3260 1795 3306 Α
1876 3258 2026 3317 [7-8]
2051 3261 2281 3303 Eberhard

404 3316 466 3359 66
498 3314 534 3360 Α
564 3316 662 3358 850
695 3316 912 3360 03371-3
941 3335 999 3344 —
1029 3318 1054 3356 2
1083 3317 1253 3359 πλάςαι
1287 3316 1369 3367 μὲν
1403 3315 1453 3370 G]
1485 3316 1743 3359 πλάςαςθαι
1774 3318 1810 3362 Α
1887 3318 2027 3363 ζώων
2057 3317 2094 3362 Α
2168 3317 2283 3360 πλά·

236 3373 363 3415 ςανθ’
395 3372 533 3414 ἅπαςι
565 3372 797 3425 δεςπότην
829 3373 965 3426 ζῲοις
997 3374 1199 3414 Meineke
1309 3376 1334 3413 3
1366 3372 1587 3416 έκδέτους
1614 3375 1819 3416 Meineke
1925 3377 1954 3415 4
1983 3373 2197 3429 φέροντα
2227 3373 2281 3429 A]

235 3427 461 3471 τένοντος
490 3430 745 3470 Lachmann
851 3432 959 3472 πᾱςι
990 3427 1042 3484 G]
1074 3441 1186 3483 φαςι
1215 3429 1252 3473 Α
1382 3433 1408 3470 6
1447 3430 1498 3472 δὲ
1529 3431 1620 3483 τὴν
1651 3430 1754 3487 Fix]
1786 3431 1826 3474 δ’
1855 3430 1893 3477 A
1995 3430 2058 3485 ἦν
2086 3429 2190 3485 Fix]
2222 3431 2281 3484 ῆν

235 3485 353 3583 noga)
386 3484 422 3529 A
442 3485 541 3582 §1le
573 3486 623 3583 bl}
655 3485 855 3537 ὅπιςθεν,
886 3486 977 3539 τὴν
1007 3488 1106 3528 τῶν
1138 3483 1285 3538 ἰδίων,
1320 3484 1460 3539 μείζω
1496 3487 1528 3531 Β
1631 3486 1783 3544 [7-8]
1813 3489 2043 3531 Eberhard
2152 3489 2176 3527 7
2209 3487 2282 3530 δο-

236 3553 290 3583 κο
327 3554 411 3593 μεν
492 3556 587 3583 eme
622 3557 644 3584 e

247 3616 253 3642 .·
406 3599 467 3642 67
498 3598 534 3643 Α
565 3600 661 3642 352
682 3616 738 3637 =
759 3598 914 3644 (22251
943 3620 1001 3630 —
1031 3602 1056 3640 2
1088 3600 1114 3643 ὁ
1144 3600 1185 3642 δ’
1206 3599 1409 3655 ὄναγρος
1434 3602 1567 3644 ποςὶν
1592 3600 1642 3655 G]
1676 3602 1702 3644 ὁ
1735 3603 1774 3644 δ’
1796 3601 1907 3645 ὄνος
1937 3601 1989 3645 ἑν
2015 3600 2104 3656 (ὢν
2124 3602 2283 3643 Nauck

237 3654 298 3707 ἦν
329 3654 649 3710 Schneidewin)
681 3657 816 3700 ποςὶν
846 3656 882 3701 Α
911 3658 989 3698 sed
1020 3657 1073 3699 cf.
1107 3657 1163 3700 B:
1206 3659 1354 3711 θῆρας
1394 3657 1620 3712 ἐθήρευον
1660 3659 1785 3702 λέων
1825 3660 1901 3701 καὶ
1936 3658 2214 3713 ὄναγρος,
2254 3658 2281 3701 ὁ

239 3710 323 3762 μὲν
362 3710 486 3755 λέων
527 3712 601 3754 διὰ
639 3715 726 3767 τῆς
765 3713 1034 3765 δυνάμεως,
1078 3714 1103 3756 ὁ
1144 3714 1202 3756 δὲ
1243 3713 1497 3768 ὄναγρος
1538 3714 1611 3757 διὰ
1648 3719 1734 3769 τῆς
1773 3715 1825 3758 ἐν
1863 3716 1968 3759 ποςὶ
1999 3715 2281 3769 ταχύτητος

238 3770 262 3808 2
295 3764 399 3811 δίαν
428 3783 491 3822 pr.
519 3768 554 3813 A
659 3772 683 3810 3
715 3770 853 3814 ζώων
885 3771 919 3815 Α
1884 3794 1886 3796 v
