2340 4004
875 205 1230 270 2-31-4.

127 343 665 424 ²fp1²aepositionibus”
687 359 756 421 ἔν,
797 360 867 420 εἴς
903 364 1140 426 iungitur.
1215 366 1394 426 Itaque
1419 365 1701 427 Hauptium
1739 373 1872 414 recte
1913 347 2075 415 conie—

210 448 432 495 arbitror
488 443 652 494 ἓ’κυπτ’
712 444 763 505 ἐς
817 446 960 496 οἴκου
1007 449 1196 514 γωνίην
1252 445 1333 498 ὑπ’
1388 447 1639 514 αἰσχύνης·
1696 447 1902 499 κύπτειν
1949 454 2076 499 enim

27 554 29 560 =
91 520 197 595 ¹aaa¹
241 528 400 580 multo
451 533 664 594 dignius
713 543 788 580 est
856 550 1003 594 quam
1043 531 1368 601 *κρύπτεσθαι
1425 537 1708 598 optimeque
1758 538 1971 597 quadrat
2026 540 2075 584 in

40 619 42 621 ’
80 639 153 678 Ι,ιιι
179 630 259 664 um
294 617 487 665 locum:
527 619 723 665 Aelian.
764 637 809 666 n.
849 636 892 666 a.
930 621 978 679 4,
1030 621 1095 668 29
1150 622 1209 667 de
1248 623 1380 683 gallo
1424 622 1583 668 victo:
1634 617 1930 669 καταδύεται
1976 618 2076 670 ὑπὸ

33 707 44 710 ’
168 700 343 761 αἰδοῦς
387 701 465 767 (cf.
519 703 720 751 Jacobs.
760 706 821 751 T.
859 706 928 752 ΙΙ.
970 722 1015 766 p.
1058 703 1194 767 149).
1235 706 1488 752 Firmatur
1537 701 1748 754 κύπτειν
1798 709 1947 754 etiam
1985 725 2072 755 usu

47 787 51 791 ’
100 789 270 835 mendi
305 787 575 836 multorum
626 791 941 851 scriptorum,
990 791 1077 850 qui
1127 791 1223 836 hoc
1276 792 1479 837 verbum
1531 792 1819 854 (praecipue
1871 789 2076 840 κύπτειν

47 858 254 938 ..μ’γῆν)
291 889 439 935 saepe
487 883 858 935 usurpaverunt
890 876 949 922 de
987 876 1267 923 hominibus
1314 876 1500 922 timidis
1541 878 1619 923 vel
1657 878 1870 925 maestis.
1946 879 2076 925 Plut.

63 970 194 1015 ,,θε.
235 959 300 1004 12
340 951 470 1022 ὁρῶν
508 985 576 991 -
614 953 702 1006 ὑπ’
745 956 1053 1024 αἰσχύνης
1089 956 1366 1018 κύπτοντας
1404 958 1474 1017 εἰς
1509 956 1600 1023 τὴν
1639 965 1745 1026 γῆν.
1786 963 1920 1024 App.
1958 966 2005 1011 b.
2034 980 2075 1012 c,

60 1038 90 1083 ¹²«
141 1043 206 1090 62
246 1041 298 1091 οἵ
346 1038 399 1090 δὲ
448 1039 589 1106 μόλις
641 1039 732 1091 ὑπ’
791 1043 1024 1102 αἰδοῦς
1071 1043 1378 1093 κατέκυπτον
1419 1044 1488 1104 εἰς
1541 1042 1633 1108 τὴν
1687 1049 1783 1111 γῆν
1821 1043 2077 1111 ἄπρακτοι.

69 1127 394 1194 '‘emosthenes
455 1130 655 1187 XVIII,
708 1131 808 1178 323
860 1133 1025 1178 iunxit
1073 1126 1328 1195 πεφρικώς
1376 1129 1459 1178 καὶ
1512 1129 1696 1179 στένων
1745 1128 1828 1178 καὶ
1876 1128 2077 1179 κύπτων

94 1235 97 1238 >
150 1207 243 1276 τὴν
292 1217 400 1279 γῆν.
451 1215 508 1261 cf.
561 1216 706 1262 etiam
747 1217 875 1262 Plat.
917 1219 1039 1278 Rep.
1079 1217 1173 1275 IX,
1230 1217 1346 1273 586,
1405 1235 1447 1263 a.
1522 1219 1842 1265 Themistocl.
1881 1234 1955 1279 ep.
1997 1218 2078 1274 10,

36 1299 78 1355 ²5
116 1315 163 1346 c.
198 1299 327 1346 Icar.
369 1300 449 1347 15.
488 1299 654 1347 Halm.
697 1302 883 1363 Aesop.
928 1302 1043 1348 140.
1085 1301 1336 1348 Theodor.
1376 1303 1640 1349 Prodrom.
1680 1304 1724 1363 7,
1761 1295 1880 1349 340.

934 1444 1083 1503 XIII,
1122 1445 1167 1490 2.

174 1555 445 1622 σποραίων.
483 1551 545 1603 τὰ
583 1560 796 1621 σποραῖα
835 1557 970 1617 quod
1009 1557 1193 1603 dictum
1233 1565 1305 1604 est
1347 1573 1436 1618 pro
1490 1552 1674 1621 σπόρος
1720 1557 1787 1616 (v.
1829 1559 1894 1614 5.)
1954 1559 2076 1604 nihil

32 1636 182 1698 sjbet
219 1641 535 1690 offensionis:
575 1643 802 1689 similiter
840 1644 970 1689 enim
1018 1637 1078 1688 τὰ
1131 1637 1349 1707 σπόριμα
1387 1651 1679 1703 usurpatum
1743 1651 1819 1690 est
1880 1660 1909 1688 a
1958 1643 2076 1689 scri-

34 1710 261 1791 *toribus
298 1729 604 1791 geoponicis,
643 1728 700 1776 cf.
742 1736 999 1790 praeterea
1050 1745 1124 1775 ev.
1163 1729 1342 1774 Matth.
1383 1729 1462 1786 12,
1505 1729 1530 1772 1
1573 1723 1827 1791 ἐπορεύθη
1867 1721 1950 1772 διὰ
1977 1729 2075 1773 τῶν

17 1833 24 1853 ·
47 1818 79 1873 f
102 1811 306 1878 ορίμων.
1005 1873 1009 1876 Δ

33 1900 43 1906 -·
95 1895 98 1901 ·
921 1886 1097 1945 ΧΧΠ,
1136 1887 1182 1933 3.

177 1997 295 2046 Non
346 2015 545 2048 necesse
595 2007 668 2047 est
727 1999 914 2045 codicis
966 2001 1266 2061 scripturam
1322 1992 1500 2054 λευκὰς
1553 1995 1788 2060 μελαίνας
1838 1991 2077 2061 (μιγάδας

34 2064 224 2130 “·”’λόνει
278 2082 468 2148 χαίτας)
523 2086 706 2132 mutari
773 2085 823 2130 in
898 2086 1095 2142 λευκαῖς
1150 2081 1385 2147 μελαίνας
1442 2085 1520 2128 vel
1575 2077 1753 2139 λευκὰς
1809 2080 2076 2143 μελαίναις.

89 2169 304 2217 diectiva
341 2164 516 2228 λευκὸς
554 2166 701 2233 μέλας
738 2170 1012 2231 iunguntur
1051 2166 1345 2227 ἄσυνδέτως,
1386 2176 1440 2213 ut
1469 2169 1548 2226 56,
1589 2170 1621 2214 4
1661 2164 1872 2230 (πίθων)
1895 2161 2081 2232 γυμνὸς

16 2249 196 2388 gabios·
235 2251 450 2320 μιγάδας
489 2272 612 2303 vero
656 2256 992 2317 praedicative
1031 2256 1260 2316 accipias.
1301 2253 1358 2300 cf.
1397 2269 1548 2327 supra
1589 2270 1633 2315 p.
1673 2255 1754 2300 29.

14 2367 57 2564 ξ’
175 2420 185 2435 ἡ.
872 2399 1071 2457 XXVI,
1111 2397 1155 2443 5.
1197 2398 1243 2444 6.

176 2509 231 2558 αἱ
266 2507 306 2558 δ’
346 2505 413 2569 ὥς
458 2508 664 2576 ἐπέσχον
713 2510 1064 2572 σφενδονῶντα
1115 2505 1203 2567 τὰς
1252 2506 1421 2573 αὔρας,
1472 2504 1853 2573 κατεφρόνησαν
1903 2504 2079 2556 λοιπὸν

78 2607 159 2643 στε
196 2591 264 2659 μὴ
302 2592 523 2661 φεύγειν.
612 2598 759 2644 Hanc
829 2598 1128 2658 scripturam
1181 2605 1231 2642 et
1279 2595 1728 2656 interpunctionem
1777 2611 1887 2641 cum
1926 2597 2079 2641 verba

39 2680 236 2743 jingula
292 2689 396 2729 tum
453 2699 625 2730 sensus
683 2690 910 2745 poscunt.
969 2707 1037 2715 --
1091 2682 1170 2727 De
1232 2681 1369 2727 verbi
1429 2676 1620 2742 ἐπέχειν
1676 2697 1764 2727 usu
1823 2681 2075 2728 Babriano

38 2765 279 2830 -,?,videre,
331 2754 778 2825 animadvertere“)
836 2784 988 2829 supra
1038 2768 1135 2813 iam
1191 2764 1459 2827 disputavi.
1543 2765 1871 2827 Participium
1923 2767 2077 2828 igitur

41 2904 54 2910 ,
109 2849 388 2900 ενδονῶντα
439 2855 500 2899 ab
549 2849 772 2916 ἐπέσχον,
825 2870 924 2900 non
965 2870 994 2899 a
1030 2846 1412 2915 κατεφρόνησαν
1465 2850 1658 2910 pendet.
1735 2851 1951 2897 Verbum
1989 2868 2077 2897 κα-

34 2927 310 3002 ἓαφρονεῖν
338 2939 564 2986 absolute
591 2946 883 3000 usurpatum
906 2944 993 2996 est,
1015 2938 1298 2999 significans
1324 2952 1451 2994 „uon
1472 2952 1660 2995 curare,
1682 2931 1742 2981 οὐ
1763 2934 2078 2999 φροντίζεινιζ

10 3011 123 3080 (ef.
161 3022 362 3072 Jacobs.
401 3023 464 3070 ad
485 3020 684 3071 Aelian.
724 3025 785 3071 T.
815 3024 883 3070 II.
907 3040 953 3084 p.
982 3021 1127 3080 358),
1152 3034 1209 3067 ut
1229 3021 1493 3081 aliquoties
1516 3022 1662 3067 etiam
1701 3022 1832 3080 apud
1860 3021 2076 3068 Atticos.

23 3104 172 3156 'Xen.
199 3109 380 3170 Ephes.
420 3109 461 3168 I,
502 3110 545 3170 7,
584 3109 616 3155 4
671 3107 744 3166 τίς
781 3102 812 3170 ἡ
861 3102 996 3172 φυγὴ
1043 3103 1128 3153 καὶ
1178 3104 1306 3162 τίνες
1353 3103 1407 3151 αἱ
1456 3104 1726 3170 συμφοραί,
1773 3102 2080 3169 κατεφρόνει,

27 3186 296 3253 '‘Ceterum,
332 3195 375 3242 si
413 3195 660 3254 malueris,
699 3201 860 3241 totum
899 3208 1095 3239 versum
1137 3193 1166 3239 6
1205 3193 1276 3238 ita
1301 3193 1533 3252 supplere
1560 3193 1742 3252 possis:
1783 3187 1938 3237 αὐτοῦ
1977 3189 2078 3249 (vel

39 3280 208 3342 potius
247 3282 335 3327 τοῦ
374 3278 678 3341 σφενδονᾶν)
704 3282 943 3328 τοσοῦτον
979 3272 1359 3340 κατεφρόνησαν
1397 3272 1589 3334 λοιπόν,
1616 3271 1736 3322 ὥστε
1764 3271 1829 3337 μὴ
1859 3271 2077 3339 φεύγειν.

19 3357 104 3411 -cf.
130 3365 259 3412 Plat.
289 3366 438 3427 Apol.
466 3382 512 3426 p.
543 3366 624 3424 28,
653 3382 678 3411 c
703 3368 942 3412 τοσοῦτον
967 3367 1054 3411 τοῦ
1089 3357 1329 3409 κινδύνου
1355 3357 1724 3424 κατεφρόνησεν
1749 3388 1817 3393 —
1844 3355 1963 3407 ὥστε
1991 3396 2000 3406 .
2028 3396 2039 3406 .
2067 3395 2077 3406 .

902 3491 1127 3550 XXXII,
1167 3492 1214 3539 4.

168 3605 328 3667 *Nihil
381 3607 736 3653 sententiarum
787 3622 1030 3652 conexum
1069 3605 1278 3662 deficiet,
1329 3604 1370 3650 si
1418 3618 1614 3649 versum
1662 3609 1893 3661 quartum
1943 3600 2074 3648 foras
