2332 4134
41 523 86 595 §J
359 540 363 546 ·
393 525 579 585 ,κεῖθεν
614 522 715 586 γὰρ
754 523 850 586 μὲν
889 522 1006 575 οἶόν
1043 541 1099 578 τε
1137 525 1397 591 τρέφεςθ’,
1436 525 1598 578 οὐδὲν
1636 527 1697 578 δὲ
1734 525 2015 590 φέρεςθαιί.

215 601 277 660 Ὅ
333 607 493 674 λόγος
551 607 823 673 ἁρμόςειεν
881 607 947 660 ἂν
1003 611 1138 673 πρὸς
1189 611 1424 664 ἐκείνους
1466 612 1522 663 οἳ
1572 612 1666 663 τὰς
1713 611 1888 676 φιλίας
1925 613 2100 675 μέχρις

57 693 325 753 ἑςτιάςεως
361 693 529 759 μόνον
566 694 899 757 παρέχονται,
938 697 1232 761 περαιτέρω
1256 698 1333 749 ,δὲ
1371 698 1532 750 οὐδὲν
1569 698 1694 750 τοὺς
1732 697 1922 762 φίλους
1961 698 2100 762 ὠφε-

58 782 247 836 λοΰςιν.

394 1023 614 1087 Φθεῑρες
653 1021 1005 1086 ἀροτριόωνθ’
1042 1023 1342 1077 ὑπέδακνον
1386 1022 1660 1093 <ςφόδρα>
1702 1024 1960 1088 γεωργόν,

395 1108 454 1160 ὃς
493 1109 572 1161 δὶς
613 1107 845 1172 ἄροτρον
888 1107 1047 1176 <βοῡς
1087 1107 1175 1177 τε>
1218 1096 1402 1173 μεθεὶς
1430 1109 1653 1173 ἐκάθηρε
1691 1112 1904 1173 χιτῶνα.

391 1194 464 1246 ῶς
491 1193 536 1246 δ’
570 1191 708 1263 <ὑπό
737 1197 845 1246 τῶν
872 1197 1110 1260 φθειρῶν
1135 1193 1347 1264 τρίτον)
1380 1195 1528 1247 αὖθις
1567 1194 1821 1256 ἐδάκνεθ’,
1850 1194 1998 1247 ὅπως
2035 1197 2102 1260 μὴ

391 1279 639 1332 πολλάκις
680 1277 883 1343 ἀργοίη,
926 1278 1278 1347 <κατ>έκαυςε
1317 1284 1512 1344 χιτῶνα
1554 1279 1875 1349 <γεωργός>.

463 1364 631 1433 [κάγὼ
670 1369 910 1429 παραινῶ
950 1369 1060 1418 τοῖς
1092 1367 1169 1418 δὶς
1212 1365 1642 1435 <ἐξ>ηττημένοις
2075 1379 2101 1417 5

392 1451 571 1515 τρίτου
610 1450 779 1514 πυρός
822 1449 941 1519 <γε>
983 1452 1050 1516 μὴ
1091 1456 1341 1517 δεηθῆναι
1389 1451 1632 1521 <πάλιν>.

38 970 87 1018 ἔτι

397 1706 457 1759 Εἰ
494 1707 670 1771 Ζηνὸς
706 1709 885 1778 γνώμῃ
926 1711 1084 1777 Ζῴοις
1123 1709 1349 1774 ὁμόνοια
1385 1711 1591 1773 γένοιτο

396 1796 549 1846 πᾶςιν
587 1795 722 1857 πρὸς
762 1794 891 1859 βίον,
931 1795 1003 1847 ῶς
1041 1796 1135 1847 τὸν
1173 1795 1528 1861 Ὀλυμπιακὸν
1565 1796 1765 1860 κήρυκα

395 1879 463 1943 μὴ
501 1878 668 1943 μόνον
707 1878 1026 1943 ἀνθρώπους
1066 1881 1118 1933 ἐς
1158 1881 1483 1946 ἀγωνιςμοὺς
1522 1884 1906 1946 προκαλεῑςθαι,

391 1966 546 2017 πᾶςιν
584 1965 645 2016 δὲ
684 1966 842 2032 Ζῴοις
882 1965 1190 2030 ἐπιτρωπᾶν
1228 1967 1280 2020 ἐς
1320 1967 1481 2020 ςτάδι’
1519 1967 1678 2031 ἥκειν,

393 2049 570 2103 οὐδέν’
609 2050 675 2103 ἂν
715 2050 1018 2115 ἀνθρώπων
1058 2053 1268 2108 δοξάζω
1310 2054 1696 2119 ςτεφθήςεςθαι.
2080 2065 2105 2103 5

323 2168 325 2170 >
393 2135 450 2188 6v
490 2137 584 2200 μὲν
621 2137 722 2200 γὰρ
764 2140 1043 2201 δολιχοῑςιν
1082 2139 1376 2203 ὑπέρτατος
1414 2138 1610 2190 ἕςςεται
1647 2137 1825 2199 ἵππος,

388 2221 452 2272 τὸ
491 2221 704 2274 ςτάδιον
743 2224 801 2274 δὲ
839 2225 1049 2286 λαγωός
1088 2224 1373 2286 ἀποίςεται,
1414 2224 1470 2276 ἐν
1510 2225 1569 2276 δὲ
1609 2224 1804 2293 διαύλῳ

394 2307 590 2371 δορκὰς
629 2306 926 2372 ἀριςτεύςει,
966 2310 1217 2374 μερόπων
1257 2309 1299 2362 δ’
1345 2310 1646 2374 ἐναρίθμιος
1684 2308 1859 2362 οὐδεὶς

51 2492 194 2534 μενος
227 2479 278 2522 δὲ
310 2477 375 2522 εἰς
407 2479 499 2532 τὴν
530 2479 701 2534 χέρςον
733 2481 809 2522 καὶ
842 2481 1127 2533 καταλαβὼν
1159 2481 1339 2534 πολλὴν
1363 2480 1445 2532 μὲν
1470 2479 1573 2532 (μὲν
1594 2478 1775 2531 πολλὴν
1799 2478 1885 2531 FC)
1904 2479 2098 2533 κόπρον,

46 2538 204 2594 ὑγρὰν
253 2537 327 2588 δέ,
370 2537 528 2590 μένων
560 2537 771 2579 ἐνταῦθα
804 2537 1050 2592 ἐτρέφετο.
1098 2541 1185 2580 τοῦ
1219 2539 1270 2581 δὲ
1301 2541 1533 2591 χειμῶνος
1567 2536 1835 2580 διελθόντος
1867 2536 2006 2579 πάλιν
2039 2534 2104 2579 εἰς

45 2596 142 2649 τὴν
188 2597 331 2646 νῆςον
377 2595 559 2647 διέπτη.
612 2595 636 2636 6
671 2595 721 2637 δὲ
754 2595 917 2648 ἕτερος
949 2595 1239 2648 θεαςάμενος
1271 2595 1421 2638 αὐτὸν
1468 2594 1667 2648 λιπαρὸν
1705 2594 1781 2635 καὶ
1814 2594 2104 2636 εὐεκτοῦντα

48 2652 282 2708 ἠτιάςατο
296 2651 543 2706 (λιπαρὸν
525 2655 692 2706 ῃτιᾶτο
705 2653 731 2695 F
745 2652 791 2704 C)
805 2653 954 2694 αὐτὸν
974 2652 1093 2694 διότι
1110 2667 1143 2696 π
1154 2667 1181 2707 ρ
1195 2667 1219 2695 ο
1230 2659 1257 2696 ϋ
1268 2668 1303 2696 π
1315 2666 1340 2694 ο
1351 2665 1372 2695 ς
1383 2665 1411 2705 χ
1424 2652 1448 2694 6
1464 2665 1492 2703 μ
1505 2665 1561 2694 εν
1575 2665 1600 2693 ο
1613 2664 1634 2694 ς
1667 2651 2003 2703 (ὑποςχόμενος
2015 2651 2042 2694 F
2055 2649 2103 2700 C)

51 2709 198 2753 οὐδὲν
237 2707 463 2761 ἐκόμιςεν.
516 2709 541 2751 6
584 2709 634 2751 δὲ
674 2709 773 2752 ειπε
815 2710 962 2764 (εἶπεν
1009 2709 1120 2760 FG)·
1161 2710 1237 2763 ιμὴ
1279 2710 1360 2762 ἐμὲ
1402 2709 1603 2761 μέμφου,
1635 2709 1727 2762 τὴν
1760 2708 1810 2750 δέ
1843 2709 1983 2761 φύςιν
2015 2710 2101 2749 τοῦ

48 2767 228 2810 τόπου·
272 2766 504 2810 ἐκεῖθεν
551 2766 659 2821 γὰρ
709 2767 1036 2821 τρέφεςθαι
1079 2768 1177 2820 μὲν
1218 2765 1345 2810 οἷόν
1385 2780 1466 2818 τε,
1500 2766 1776 2820 φέρεςθαι
1809 2766 1868 2808 δέ
1900 2763 2105 2807 οὐδέν.

56 2822 126 2869 fc
156 2825 270 2892 Aug.
302 2843 360 2854 —
392 2827 501 2865 1-5
526 2830 626 2865 rest.
651 2823 681 2868 G
743 2828 872 2878 epim.
904 2827 1015 2879 Aug.
1104 2824 1156 2867 ‘O
1189 2825 1330 2877 λόγος
1362 2802 1580 2877 εὔκαιρος
1610 2823 1727 2876 πρὸς
1758 2823 1872 2865 τοὺς
1895 2822 1969 2864 διὰ
1991 2822 2107 2874 φθό-

50 2893 140 2923 νου
162 2878 419 2935 κρείττοςιν
448 2879 698 2936 (κρείττοςι
727 2881 772 2926 F)
814 2881 1185 2933 ἁμιλλωμένους,
1219 2896 1320 2925 ειτα
1343 2881 1394 2923 ἐκ
1425 2882 1601 2923 τούτου
1636 2879 2004 2933 ςφαλλομένους.
2040 2877 2107 2947 FG

225 2937 319 2982 286
366 2939 495 2983 5386
527 2956 580 2974 =
613 2937 744 2983 0327
778 2953 830 2980 ex
858 2939 1049 2992 Appiani
1080 2940 1192 2980 Bell.
1227 2942 1320 2981 Civ.
1352 2941 1393 2987 Ι,
1430 2941 1508 2979 101
1556 2938 1800 2991 Φθεῖρες
1830 2935 2104 2990 γεωργὸν

46 2993 426 3106 ῗέἒοῖρὲῗέἔα
457 2995 642 3096 Ἔῑέῖῗ
645 3008 677 3095 ἕ
691 3008 755 3094 ve?
767 3010 814 3096 να
826 2995 891 3095 „⁶0
904 2997 933 3095 1²³
930 2997 959 3096 ἔ
993 2996 1286 3096 {6262ssss
1299 2994 2105 3106 ⁶²5&fissvffffi‘ffississpxssffi

53 3107 212 3164 (ἀργοῖ
246 3108 306 3162 F),
358 3066 461 3152 τὸνρ
490 3109 808 3179 χιτωνίςκον
852 3111 1109 3153 ἕκαυςεν.
1157 3135 1210 3140 -
1262 3110 1427 3162 Κάγὼ
1469 3111 1596 3152 τοις
1629 3110 1711 3151 δὶς
1745 3107 2102 3161 ἡττημένοις

47 3169 320 3221 παραινῶ
368 3165 578 3221 τρίτου
627 3167 812 3222 πυρὸς
846 3168 914 3220 μὴ
949 3168 1235 3221 δεηθῆναι
1277 3167 1361 3212 ΡΒ.
1407 3187 1464 3196 --
1512 3172 1595 3208 1-
1608 3170 1765 3208 4r.est
1800 3165 1830 3209 G
1976 3165 2104 3204 5-6

51 3225 225 3267 iambos
255 3237 388 3277 puros
417 3230 519 3267 rest.
553 3224 583 3268 G

224 3279 314 3325 287
346 3282 540 3323 Galenus
571 3284 617 3322 in
646 3283 920 3337 Protreptieo
953 3296 989 3322 e.
1022 3283 1131 3322 XIII
1162 3282 1392 3322 cf.'1h0m.
1427 3281 1638 3322 Gatakeri
1671 3280 1780 3320 Adv
1804 3281 1925 3320 misc.
1956 3292 2000 3331 p.
2021 3279 2106 3318 420

49 3342 100 3380 et
130 3339 374 3392 Hauptium
413 3341 459 3379 in
489 3340 638 3380 Herm
671 3340 734 3380 IV
765 3354 804 3392 p.
839 3343 958 3380 27—
972 3341 1026 3380 28
1078 3338 1183 3381 Ὀτι
1217 3338 1300 3389 μὲν
1331 3336 1397 3380 εἰς
1430 3338 1571 3380 οὐδὲν
1602 3340 1701 3379 τῶν
1732 3335 1852 3378 κατὰ
1883 3335 1970 3377 τὸν
2004 3333 2106 3387 βίον

48 3394 216 3449 ἔργων
246 3394 471 3449 χρήςιμος
504 3397 532 3449 ἡ
566 3399 667 3438 τῶν
701 3395 924 3449 ἀθλητῶν
958 3397 1145 3448 ἄςκηςις
1178 3408 1230 3438 ευ
1264 3395 1350 3437 οἶδ’
1382 3395 1455 3437 ὅτι
1487 3395 1633 3447 ςαφές
1664 3394 1755 3446 ἤδη
1789 3392 2002 3445 γέγονεν,
2034 3391 2107 3434 ὅτι

50 3451 108 3495 δὲ
139 3453 216 3495 καὶ
249 3452 306 3494 ἂν
337 3449 377 3494 εἰ
409 3451 722 3506 διηγηςαίμην
753 3454 866 3505 ὑμῖν
888 3454 975 3496 τὸν
1000 3454 1146 3505 μῦθον
1165 3452 1347 3495 ἐκεῖνον
1366 3452 1420 3495 ὃν
1441 3455 1542 3494 τῶν
1565 3451 1650 3494 οὐκ
1673 3450 1895 3501 ἀμούςων
1915 3447 2106 3502 ἀνδρῶν

56 3521 128 3552 τις
167 3507 379 3552 ἐντείνας
420 3509 544 3552 ἔπεςι
586 3509 893 3553 διεςκεύαςεν.
940 3510 1034 3553 ἐςτὶ
1075 3510 1125 3552 δὲ
1165 3507 1322 3551 οὗτος.
1366 3507 1412 3552 εἰ
1452 3509 1564 3551 Διὸς
1604 3508 1806 3562 γνώμῃ
1840 3509 1971 3549 πᾶςι
2003 3508 2105 3547 τοῖς

50 3565 228 3620 Ζῲοις
259 3565 511 3618 ὁμόνοια
533 3567 609 3608 καὶ
632 3566 858 3609 κοινωνία
881 3567 1114 3619 γένοιτο
1145 3566 1290 3620 πρὸς
1319 3566 1405 3608 τὸν
1439 3564 1587 3618 βίον,
1621 3565 1687 3607 ὡς
1719 3564 1822 3605 τὸν
1854 3562 1904 3606 ἐν
1937 3563 2105 3614 Ὀλυμ-

56 3608 139 3677 πίᾳ
170 3622 388 3677 κήρυκα
424 3624 492 3676 μὴ
528 3623 707 3675 μόνον
740 3623 880 3678 ἀνθρ
901 3625 1088 3667 ώπους
1119 3624 1233 3666 τοὺς
1258 3622 1647 3692 ἀγωνιουμένους
1670 3622 1844 3672 καλειν,
1877 3619 1995 3662 ἀλλὰ
2030 3621 2106 3660 καὶ

54 3681 230 3722 ,πᾶςιν
262 3679 543 3734 ἐπιτρέπειν
575 3684 676 3723 τοῖς
708 3682 879 3733 Ζῴοις
920 3679 999 3724 εἰς
1037 3681 1094 3724 τὸ
1128 3679 1372 3722 ςτάδιον
1406 3681 1570 3732 ἥκειν
1605 3679 1672 3728 (ἐν
1713 3683 1814 3732 post
1851 3679 1984 3730 ἥκειν
2019 3676 2104 3717 del

58 3736 311 3790 Hauptius),
325 3736 538 3779 οὐδένα
571 3737 882 3804 ἄνθρωπον
905 3738 1032 3789 οἶμαι
1055 3736 1493 3789 ςτεφθήςεςθαι.
1527 3736 1586 3778 ἐν
1620 3735 1716 3787 μέν
1748 3733 1851 3788 γὰρ
1885 3735 2103 3787 δολιχῷ

56 3791 395 3846 ὑπέρτατός
428 3807 568 3847 φηςιν
601 3795 626 3836 6
658 3794 831 3837 ἵππος
868 3778 1010 3845 έςται,
1050 3794 1114 3837 τὸ
1149 3794 1383 3836 ςτάδιον
1416 3793 1476 3835 δὲ
1507 3791 1741 3843 λαγωὸς
1773 3789 2103 3840 ἀποίςεται,

55 3847 120 3891 ἐν
150 3849 212 3893 δὲ
244 3850 464 3929 διαύλυμ
499 3851 711 3906 δορκὰς
745 3850 1100 3906 ἀριςτεύςει,
1149 3850 1421 3905 μερόπων
1461 3850 1499 3891 δ’
1533 3847 1874 3903 ἐναρίθμιος
1907 3847 2100 3890 οὐδεὶς
