2332 4134
925 277 1283 330 ...25-

481 421 622 489 [περὶ
661 422 768 472 τῶν
807 422 1028 472 (εαυτοῦ
1068 419 1394 484 πραγμάτων
1433 419 1563 471 ὅταν
1602 418 1791 487 κρίνῃς,

409 508 572 571 μηδὲν
611 507 820 571 βέβαιον
857 505 1131 575 ὑπολάβῃς
1169 506 1571 569 προγινώςκων·

409 593 476 657 μὴ
515 591 614 644 τᾶν
653 589 900 660 ἀπογνῷς
939 589 1058 655 μηδ’
1097 589 1406 658 ἀπελπίςῃς·
1447 591 1590 642 οὕτω

412 678 729 744 ςφάλλουςιν
766 677 900 741 ἡμᾶς
942 676 1104 729 ἐνίοθ’
1145 678 1196 729 αἱ
1235 675 1602 743 πεποιθήςεις.]

407 898 691 963 Ἐνέμοντο
731 901 916 963 ταῦροι
954 901 1093 963 τρεῖς
1133 898 1214 951 ἀεὶ
1248 898 1356 963 μετ’
1394 898 1652 963 ἀλλήλων.

407 987 545 1039 λε’ων
583 986 644 1038 δὲ
681 985 907 1038 τούτους
947 987 1216 1050 ςυλλαβεῖν
1255 985 1565 1050 ἐφεδρεύων

408 1072 542 1136 ὁμοῦ
582 1073 677 1137 μὲν
716 1071 912 1124 αὐτοὺς
951 1072 1049 1124 οὐκ
1087 1071 1238 1126 ἔδοξε
1276 1072 1512 1135 νικήςειν,

407 1157 585 1219 λόγοις
624 1156 671 1210 δ’
707 1158 960 1210 ὑπούλοις
1000 1161 1267 1222 διαβολαῖς
1307 1175 1362 1210 τε
1403 1159 1710 1222 ςυγκρούων

407 1243 631 1307 ἐχθροὺς
671 1243 861 1305 ἐποίει,
899 1244 1126 1307 χωρίςας
1166 1242 1212 1295 δ>
1252 1242 1342 1294 ἀπ’
1381 1242 1625 1306 ἀλλήλων
2101 1257 2125 1295 5

407 1329 629 1382 ἕκαςτον
667 1329 844 1382 αὐτῶν
882 1329 999 1393 ἔςχε
1039 1330 1226 1397 ῥᾳδίην
1266 1330 1463 1392 θοίνην.

481 1414 635 1482 [ὅταν
672 1415 888 1477 μάλιςτα
926 1419 1023 1479 ζῆν
1059 1417 1213 1483 θέλῃς
1252 1414 1562 1476 ἀκινδύνως,

407 1501 616 1565 ἐχθροῖς
655 1501 878 1563 ἀπίςτει,
916 1502 1042 1553 τοὺς
1081 1502 1271 1566 φίλους
1310 1503 1370 1553 δὲ
1410 1500 1688 1568 ςυντήρει.]

405 1723 625 1788 Ἔνιφεν
664 1724 695 1776 ὁ
735 1723 896 1776 Ζεύς·
937 1723 1160 1776 αἰπόλος
1199 1725 1256 1776 δέ
1296 1741 1369 1775 τις
1408 1724 1626 1788 φεύγων

407 1811 479 1864 εἰς
519 1809 717 1874 ἄντρον
754 1809 1072 1874 εἰςήλαυνεν,
1114 1811 1186 1862 ῶς
1226 1811 1527 1874 ἑνοικήςων,

407 1897 501 1949 τὰς
540 1894 692 1958 αἶγας
732 1895 850 1960 ἄχρι
888 1896 1020 1960 χ-ιόνι
1060 1897 1512 1950 λευκανθίζούςας.

408 1983 582 2047 εὑρὼν
622 1980 668 2035 δ’
707 1981 814 2034 ἐκεῖ
851 1982 1034 2046 τάχιον
1074 1981 1428 2034 εἰςδεδυκυίας

407 2066 558 2130 αἶγας
597 2068 887 2131 κερούχους
926 2067 1111 2132 ἀγρίας
1149 2068 1286 2118 πολὺ
1325 2066 1537 2118 πλείους
2102 2080 2127 2118 5

411 2153 487 2206 ὧν
526 2153 688 2207 αὐτὸς
726 2153 819 2218 ἦγε
858 2153 1105 2218 μείζονάς
1143 2171 1199 2205 τε
1238 2154 1321 2206 καὶ
1361 2153 1638 2216 κρείςςους,

409 2243 521 2292 ταῖς
560 2241 654 2304 μὲν
692 2241 878 2305 φέρων
918 2239 1104 2304 ἔβαλλε
1144 2239 1342 2291 Θαλλὸν
1382 2239 1434 2292 ἐξ
1473 2238 1612 2302 ὕλης,

406 2326 500 2378 τὰς
540 2325 586 2378 δ’
625 2326 847 2390 ἑννύχας
885 2324 1060 2391 ἀφῆκε
1099 2326 1273 2391 μακρὰ
1312 2325 1597 2390 λιμωττειν.

407 2412 479 2464 ὼς
519 2411 566 2465 δ’
604 2412 841 2482 ῇθρίαςε,
879 2412 974 2464 τὰς
1014 2413 1109 2476 μὲν
1148 2411 1269 2476 εὗρε
1309 2411 1589 2472 τεθνώςας,

409 2499 460 2550 αἱ
500 2498 546 2551 δ’
586 2499 684 2551 οὐκ
722 2498 945 2562 ἔμειναν,
986 2497 1097 2550 ἀλλ’
1136 2497 1282 2563 ὀρῶν
1321 2497 1631 2563 ἀβοςκήτων
2079 2514 2129 2549 10

409 2584 704 2650 ἀνέμβατον
743 2588 995 2649 δρυμῶνα
1033 2585 1212 2638 ποςςὶν
1251 2585 1517 2649 ἠρεύνων·

406 2671 437 2723 ὁ
477 2670 523 2724 δ’
563 2671 784 2724 αἰπόλος
822 2671 1007 2724 κενοὺς
1047 2669 1276 2735 ἀνῆλθεν
1315 2670 1387 2723 εἰς
1429 2669 1630 2723 οἴκους.

411 2756 593 2824 [αἰγῶν
630 2758 849 2822 ἔρημος·
890 2758 1098 2810 ἐλπίςας
1138 2759 1200 2810 δὲ
1238 2758 1332 2809 τὰς
1372 2757 1636 2821 κρείςςους

411 2843 509 2896 οὐκ
546 2842 705 2896 δύνατ’
743 2843 859 2897 οὐδ’
897 2842 974 2896 ὧν
1014 2843 1176 2896 αὐτὸς
1214 2842 1354 2907 εἶχεν
1394 2844 1452 2895 ἐκ
1490 2842 1742 2909 πρώτης.]

238 2927 296 2982 Ὁ
335 2931 501 2993 μῦθος
536 2929 672 2994 ἡμᾶς
710 2929 997 2983 ἑκδιδάςκει
1042 2932 1292 2993 μηδαμῶς
1339 2932 1449 2981 τῶν
1494 2928 1705 2980 οἰκείων
1754 2927 1984 2993 ἀμελεῖν,
2034 2929 2127 2993 μά-

66 3017 206 3067 λιςτα
243 3015 466 3080 κέρδους
506 3015 659 3068 ἕνεκα
699 3015 999 3081 ἀμφιβόλου
1038 3016 1388 3080 ὑπάρχοντος.

241 3156 441 3212 [16—19]
476 3157 506 3202 Ι.
595 3160 647 3200 18
681 3159 741 3211 μὴ
773 3158 863 3201 τᾶν
896 3157 946 3212 G]
983 3159 1043 3212 μὴ
1076 3158 1118 3200 τ’
1152 3157 1210 3200 αὖ
1243 3158 1278 3202 Α
1312 3157 1420 3210 μηδ’
1450 3155 1554 3198 αὖτ’
1587 3156 1643 3200 1:2²

236 3215 306 3259 44
320 3213 355 3259 Α
372 3215 465 3259 836
484 3214 598 3259 {²207
617 3214 822 3260 02961-5,
837 3221 880 3257 et
892 3218 1020 3270 p.401
1039 3235 1098 3245 —
1113 3218 1138 3257 3
1157 3215 1335 3258 αὐτοὺς
1351 3213 1405 3269 Α]
1425 3214 1570 3256 ὄντας
1587 3215 1755 3256 Seidler
1774 3216 1884 3256 duce
1903 3213 1930 3258 F
1950 3215 2128 3267 (ςυνόν-

67 3274 169 3321 τας)
189 3270 263 3314 διὰ
283 3272 374 3324 τὴν
399 3271 563 3314 αὐτῶν
580 3272 807 3324 ὁμόνοιαν
826 3272 913 3315 οὐκ
930 3272 1142 3326 ἠδύνατο
1161 3273 1193 3316 Β
1256 3275 1281 3313 6
1300 3270 1468 3326 ῥᾳδίαν
1486 3271 1520 3315 Α
1583 3270 1673 3326 [7-
1685 3270 1726 3326 8]
1744 3272 1974 3312 Eberhard
2035 3273 2060 3312 8
2079 3271 2128 3314 δὲ

70 3328 288 3383 ςυντήρει
310 3328 362 3384 G]
385 3328 457 3372 ἀεὶ
478 3329 612 3383 τήρει
634 3329 692 3380 Α;
717 3331 795 3371 sed
817 3331 868 3370 cf.
890 3331 921 3374 B
943 3331 1159 3384 promyth.
1193 3328 1232 3372 εἰ
1264 3330 1449 3372 θέλεις
1482 3328 1728 3380 μάλιςτα
1760 3330 1860 3382 Ζῆν
1894 3328 2131 3371 ἀκινδύ-

68 3397 208 3436 νως,
238 3388 342 3429 τοῖς
365 3386 447 3438 μὲν
471 3386 711 3441 ἐχθροῖς
743 3385 1000 3439 ἀπίςτει,
1031 3390 1160 3429 τοῖς
1194 3387 1253 3430 δὲ
1285 3385 1484 3440 φίλοις
1515 3384 1706 3430 πίςτευε
1729 3386 1805 3428 καὶ
1838 3385 2128 3441 ςυντήρει.

238 3443 303 3487 45
334 3443 368 3487 Α
401 3444 500 3487 837
530 3460 586 3479 =
616 3444 737 3487 {³261
759 3460 816 3480 -τ
843 3443 969 3487 0150
1000 3445 1155 3498 Aug.6
1186 3465 1244 3473 —
1279 3450 1295 3484 1
1331 3445 1520 3495 ἕνειφεν
1553 3443 1585 3486 Α
1685 3446 1709 3483 ‘2
1742 3440 2029 3496 εἰςήλαυνεν,
2064 3444 2127 3485 ὡς

69 3497 342 3551 ἑνοικήςων,
374 3499 423 3554 G]
459 3499 703 3553 εἰςήλαυνε
734 3505 835 3543 τῶν
868 3499 1109 3553 ἀοικήτων
1134 3505 1165 3544 Α
1199 3501 1248 3543 ἑν
1282 3500 1495 3553 ςπηλαίυμ
1530 3498 1740 3554 ἀοικήτῳ
1772 3498 2045 3552 αἰγοβοςκὸς
2077 3500 2126 3541 ἐν

69 3559 262 3607 χειμῶνι
292 3557 378 3599 τὰς
411 3558 545 3610 αἶγας
575 3559 755 3611 ἤγαγεν
779 3559 811 3602 Β
902 3562 926 3599 3
950 3558 1056 3612 ἄχρι
1079 3557 1129 3611 G]
1157 3558 1276 3612 ἄχρη
1303 3559 1335 3602 Α
1359 3559 1477 3612 ἁδρῇ
1504 3558 1715 3597 Duebner
1804 3558 1829 3598 8
1850 3557 2050 3611 ἑννύχας
2074 3555 2122 3608 G]

71 3609 189 3655 ἰδίας
220 3614 253 3657 Α
286 3613 357 3667 ἄρ’
388 3612 507 3656 ἰδίας
541 3616 708 3657 Seidler
800 3615 983 3668 ἀφῆκεν
1016 3615 1136 3668 ἄκρα
1168 3616 1397 3656 Eberhard
1500 3618 1543 3653 11
1579 3614 1711 3656 ποςὶν
1744 3613 1777 3657 Α
1880 3618 1930 3655 12
1962 3614 2127 3657 κενοὺς

73 3666 274 3722 ἀνῆλθεν
308 3670 357 3724 G]
392 3672 590 3723 γελάςας
624 3673 657 3716 Α
692 3673 918 3724 γελαςτὸς
952 3673 1122 3712 Seidlm·
1163 3673 1187 3714 ὁ
1230 3673 1278 3714 δὲ
1323 3671 1514 3715 αἰπόλος
1555 3671 1755 3721 γελάςας
1797 3669 2047 3724 (ἀπελάςας
2081 3669 2125 3714 G>

73 3722 136 3768 Εἰ(
166 3726 252 3770 τὸν
284 3728 415 3770 οἶκον
446 3729 559 3781 ἦλθε
594 3730 726 3772 κενός
762 3731 792 3772 Β
814 3729 885 3773 FC
979 3728 1179 3783 [ΠΒ-14]
1215 3729 1257 3781 G,
1294 3731 1345 3770 de
1379 3733 1537 3782 quibus
1571 3731 1654 3767 iam
1690 3729 1964 3769 dubitaverat
1994 3729 2124 3768 Eber-

72 3782 231 3824 hardus
327 3788 377 3826 13
409 3786 468 3827 τὰ
502 3785 693 3840 κρείςςω
727 3788 873 3840 Bergk
