2332 4134
614 538 854 600 Ἔλαφος
892 531 1006 585 καθ’
1044 531 1171 593 ὕλην
1208 531 1329 590 γυῖα
1366 530 1544 590 κοῦφα
1581 523 1839 588 ναρκήςας

614 623 780 674 ἔκειτο
820 618 1019 671 πεδίων
1059 617 1115 668 ἐν
1153 614 1283 682 χλόῃ
1325 610 1666 678 βαθυςχοίνῳ,

617 707 669 759 ἐξ
707 704 768 768 ἧς
807 704 1019 766 ἑτοίμην
1057 700 1203 764 χιλὸν
1241 697 1348 762 εἶχε
1386 697 1640 760 πεινήςας.
1692 686 1694 688 ’

612 792 840 855 ἤρχοντο
881 787 926 840 δ’
965 787 1143 849 ἀγέλαι
1181 784 1431 836 ποικίλων
1470 783 1575 834 ἐκεῖ
1611 781 1769 847 ζῴων

615 875 1065 928 ἑπιςκοπούντων“
1105 870 1170 935 ἦν
1207 871 1307 933 γὰρ
1348 868 1576 933 ἀβλαβὴς
1612 866 1814 928 γείτων.
2297 873 2324 914 5

614 962 782 1013 ἐλθὼν
821 960 867 1012 δ)
906 958 1119 1010 ἕκαςτος
1156 959 1248 1020 τῆς
1286 955 1423 1017 πόης
1460 952 1503 1004 τ’
1543 951 1876 1015 ἀποτρώγων

613 1048 692 1115 ᾔει
729 1045 864 1109 πρὸς
901 1044 1030 1096 ὕλας
1066 1041 1182 1095 οὐδ’
1220 1040 1371 1104 ἑπήι’,
1415 1038 1460 1091 εἰ
1497 1039 1726 1101 θνήςκει·

614 1132 814 1196 ἔλαφος
854 1131 914 1182 δὲ
953 1132 1082 1196 λιμῷ
1122 1128 1218 1180 κού
1257 1126 1396 1194 νόςῳ
1436 1124 1777 1187 κατεςκλήκει,

614 1217 680 1281 μή
721 1234 805 1268 πω
845 1215 1088 1279 κορώνην
1126 1213 1379 1275 δευτέρην
1418 1210 1735 1273 ἀναπλήςας,

615 1301 700 1363 ὅς,
740 1301 783 1353 εἰ
821 1300 1010 1365 φίλους
1049 1298 1147 1350 οὐκ
1183 1297 1327 1361 ἔςχε,
1366 1296 1464 1349 κᾶν
1501 1293 1789 1358 γεγηράκει.
2271 1303 2325 1343 ιο

445 1402 503 1456 Ὁ
542 1405 704 1467 μῦθος
742 1403 901 1453 τοῦτο
941 1400 1100 1461 λέγει,
1151 1401 1260 1450 δεῖν
1307 1397 1374 1448 τὰ
1424 1394 1674 1447 ὁπωςοῦν
1713 1392 1930 1445 ἐπιόντα
1967 1390 2113 1445 δεινὰ
2149 1389 2326 1451 λόγοις

278 1488 623 1554 ἐξευμαρίζειν
660 1486 831 1550 ἠπίοις
870 1486 952 1537 καὶ
990 1485 1052 1537 τὸ
1091 1484 1300 1535 τούτων
1339 1481 1570 1544 ὀχληρὸν
1609 1477 1919 1531 ἀποπαύειν.

616 1757 705 1809 Ἐν
743 1759 853 1808 τοῖς
891 1758 1130 1809 παλαιοῖς
1168 1753 1232 1818 ἦν
1271 1753 1404 1817 ἀνὴρ
1443 1751 1770 1815 ὑπεργήρως,

615 1842 754 1906 εἶχεν
791 1844 852 1894 δὲ
890 1841 1119 1894 πολλοὺς
1157 1842 1372 1892 παῖδας·
1413 1836 1492 1889 οἶς
1530 1837 1858 1900 ἐπιςκήπτων

618 1928 816 1994 (ἔμελλε
853 1927 954 1990 γὰρ
995 1928 1059 1990 δὴ
1097 1926 1194 1978 τὸν
1234 1924 1347 1989 βίον
1385 1922 1728 1987 τελευτήςειν)

615 2013 821 2066 ἐκέλευε
859 2014 1079 2072 λεπτῶν,
1118 2010 1165 2063 εἴ
1200 2027 1274 2062 τις
1313 2010 1415 2062 ἔςτι
1453 2026 1584 2071 που,
1624 2007 1839 2073 ῥάβδων

613 2100 803 2162 δεςμὴν
842 2097 1083 2159 ἐνεγκεῖν.
1137 2094 1229 2158 ἣκέ
1267 2112 1341 2147 τις
1382 2095 1567 2161 φέρων
1604 2093 1812 2155 ταύτην.
2299 2103 2325 2143 5

609 2176 874 2247 ςπειρᾶιςθε
917 2184 980 2246 δή
1019 2199 1129 2246 μοι,
1168 2183 1349 2243 τέκνα,
1389 2182 1479 2233 ςὺν
1518 2180 1611 2248 βίῃ-
1639 2179 1774 2247 πάςῃ

615 2269 845 2334 ῥάβδους
888 2271 1102 2321 κατᾶξαι
1141 2268 1422 2331 δεδεμένας
1463 2267 1567 2340 ςὺν.
1593 2264 1868 2329 ἀλλήλαιςῖ

618 2354 668 2407 οἱ
707 2354 753 2406 δ’
787 2346 855 2406 ὀὐ
894 2354 995 2417 γὰρ
1034 2354 1323 2417 ἠδύναντο·
1363 2351 1511 2404 “κατὰ
1549 2351 1667 2414 μίην
1703 2351 1884 2404 τοίνυν

615 2433 878 2504 πειρᾶςθ’.’
942 2438 1156 2501 ἑκάςτης
1195 2438 1241 2490 δ’
1279 2437 1508 2502 εὐχερῶς
1546 2437 1847 2500 καταγείςης

615 2524 676 2577 ‘tis
714 2527 921 2584 παῖδες,
961 2523 1159 2575 οὕτως’
1198 2522 1343 2576 εἶπεν
1382 2523 1472 2587 “ἢν
1511 2525 1605 2587 μὲν
1644 2523 1887 2586 ἀλλήλοις
2274 2534 2325 2572 10

616 2610 955 2674 ὁμοφρονῆτε
994 2609 1212 2671 πάντες,
1249 2607 1365 2661 οὐδ’
1406 2609 1471 2660 ἂν
1509 2608 1579 2661 εἷς
1617 2609 1747 2672 ὕμας

618 2695 813 2760 βλάψαι
853 2695 1093 2756 δύναιτο,
1132 2693 1229 2746 κᾶν
1267 2695 1504 2758 μέγιςτον
1543 2694 1711 2762 ἰςχύῃ·

615 2781 679 2843 ἢν
719 2779 764 2832 δ’
805 2779 962 2831 ἄλλος
1002 2778 1163 2830 ἄλλου
1205 2780 1364 2843 χωρὶς
1402 2778 1493 2843 ἦτε
1530 2780 1623 2842 τὴν
1661 2780 1889 2842 γνώμην,

615 2857 832 2917 πείςεςθ’
873 2866 1085 2917 ἕκαςτος
1123 2865 1287 2916 ταύτὰ
1328 2868 1390 2931 τῇ
1429 2869 1515 2932 μιῇ
1555 2864 1773 2932 ράβδῳ.’

686 2949 1030 3016 [φιλαδελφία
1067 2952 1300 3014 μέγιςτον
1339 2951 1542 3012 ἀγαθὸν
1582 2950 1901 3014 ἀνθρώποις,
1973 2963 1978 2966 “
2271 2963 2324 3004 15

616 3037 646 3099 ἢ
687 3036 770 3087 καὶ
808 3037 1086 3087 ταπεινοὺς
1125 3035 1283 3088 ὄντας
1320 3035 1448 3100 ἦρεν
1486 3037 1558 3089 εἰς
1597 3035 1776 3103 ὕψος]

444 3134 502 3187 Ὁ
542 3137 706 3198 μῦθος
742 3133 875 3198 ἡμᾶς
925 3135 1209 3188 ἑκδιδάςκει
1258 3134 1386 3187 ὅςον
1429 3136 1491 3187 τὸ
1530 3139 1622 3198 τῆς
1662 3135 1912 3200 ὁμονοίας
1950 3135 2114 3189 καλὸν
2159 3137 2241 3188 καὶ
2277 3135 2325 3186 τί

275 3221 427 3272 πάλιν
464 3220 526 3272 τὸ
566 3219 835 3282 ἐπιζήμιον
873 3222 982 3271 τοῖς
1022 3223 1270 3283 μηδαμῶς
1307 3221 1501 3283 ταύτην
1539 3221 1884 3285 κεκτημένοις.
1970 3215 1972 3218 ’

445 3404 510 3471 453
541 3403 575 3448 Α
606 3403 730 3446 Ἐὲ37
756 3420 806 3438 .-
833 3401 956 3445 0377
986 3422 1044 3431 -
1074 3404 1099 3442 3
1132 3401 1323 3454 ἑτοῖμον
1354 3403 1439 3443 Fix
1525 3406 1552 3444 4
1580 3404 1721 3447 ζώων
1742 3404 1777 3448 Α
1867 3409 1893 3446 6
1914 3404 2093 3449 πόαςΑ
2179 3406 2203 3444 7
2225 3405 2326 3448 οὐδ’

276 3460 416 3512 ἑπήΰ,
450 3472 489 3503 ει
519 3458 703 3512 θνήςκει
736 3458 787 3512 Β]
822 3459 848 3501 ὁ
880 3459 931 3501 δὲ
961 3457 1116 3511 πεινίη
1150 3458 1338 3510 θνήςκει
1369 3458 1404 3502 Α
1434 3461 1521 3501 τοῦ
1553 3463 1809 3504 νοςοῦντος
1839 3461 2070 3515 ἀμνήμων
2099 3462 2185 3503 Fix
2270 3476 2325 3504 ex

278 3518 406 3557 7--8
445 3529 578 3557 unum
619 3530 790 3558 versum
831 3515 1021 3556 faciebat
1060 3516 1389 3556 Lachmannus:
1429 3517 1501 3570 ᾔει
1539 3517 1658 3571 πρὸς
1699 3519 1831 3561 ὕλας·
1871 3520 1898 3562 ὁ
1929 3519 1980 3562 δὲ
2012 3517 2162 3571 πένης
2191 3531 2324 3564 κατε·

280 3572 462 3625 (κλήκει
563 3575 587 3613 S
620 3572 849 3626 δευτέραν
879 3572 913 3616 Α
1005 3573 1289 3625 epimythium
1320 3572 1403 3612 bue
1435 3587 1523 3613 non
1553 3577 1741 3627 pertinet

445 3630 508 3674 47
541 3629 576 3673 Α
608 3630 705 3673 835·
738 3630 833 3673 1³52
857 3645 909 3666 π
933 3627 963 3672 0
988 3643 1028 3682 p.
1046 3631 1129 3669 358
1160 3628 1282 3672 (2171
1314 3648 1372 3657 —
1403 3631 1428 3668 2
1460 3629 1552 3682 εἶχε
1582 3632 1615 3674 Α
1705 3634 1731 3673 8
1764 3630 1873 3683 μίαν
1902 3633 1937 3677 Α
2025 3635 2051 3672 9
2082 3634 2324 3686 πειρᾶςθαι

277 3701 339 3740 pr.
359 3686 424 3796 A]
492 3689 557 3785 ἑο,
579 3687 639 3786 {v
671 3685 912 3739 Eberhard]
946 3685 1004 3727 ἂν
1035 3685 1069 3728 Α
1169 3688 1219 3725 14
1253 3688 1332 3740 μιᾷ
1360 3686 1395 3728 Α
1491 3685 1691 3742 [15-16]
1724 3689 1754 3733 L
1853 3692 1903 3730 15
1936 3687 2154 3740 μέγιςτον
2183 3690 2324 3731 Lach-

279 3756 407 3784 mann
459 3755 487 3794 μ
515 3757 543 3795 γ
