2332 4134
1073 297 1426 349 ...18—

559 587 788 651 Γέννημα
827 585 1036 650 φρύνου
1074 581 1398 646 ςυνεπάτηςε,
1433 582 1558 644 βοῦς
1597 579 1782 632 πίνων.

560 673 782 724 ἐλθοῦςα
820 670 865 723 δ’
904 669 1071 722 αὐτόν
1107 667 1197 733 (οὐ
1237 669 1411 730 παρῇν
1447 665 1573 731 γὰρ)
1611 665 1643 727 ἡ
1683 665 1850 728 μήτηρ

559 758 701 820 παρὰ
740 759 847 808 τῶν
883 754 1136 819 ἀδελφῶν
1176 755 1280 804 ποῦ
1322 744 1442 804 ποτ’
1480 750 1545 814 ἦν
1583 749 1834 813 ἐπεζήτει.

555 838 811 905 ’τέθνηκε,
849 843 1036 905 μῆτερ·
1078 837 1193 902 ἄρτι
1229 837 1348 901 γάρ,
1388 837 1493 900 πρὸ
1533 839 1625 898 τῆς
1666 835 1822 899 ὥρης,

559 926 716 989 ἦλθεν
755 925 1021 989 πάχιςτον·
1043 923 1359 987 τετράπουν,
1397 919 1491 992 ὑφ’
1528 919 1592 973 οὗ
1633 923 1796 972 κεῖται
2249 932 2274 970 5

559 1014 687 1077 χηλῇ
726 1007 1025 1075 μαλαχθένῖ
1060 1010 1093 1073 ἡ
1132 1010 1192 1061 δὲ
1230 1012 1434 1072 φριῦνος
1471 1007 1678 1071 ἠρώτα,

559 1094 754 1160 φυςῶς’
792 1096 1001 1158 ἑαυτήν,
1034 1094 1085 1147 εἰ
1122 1097 1378 1146 τοςοῦτον
1414 1091 1480 1156 ἦν
1512 1090 1662 1159 »ὄγκῳ

557 1182 619 1233 τὸ
659 1186 817 1249 ζῷον.
857 1181 909 1233 οἱ
945 1181 1007 1233 δὲ
1039 1180 1197 1244 μητ-«ρί
1231 1173 1402 1240 ζπαῦε,
1439 1179 1509 1241 μὴ
1549 1177 1733 1240 πρίου·

559 1268 749 1318 θᾶςςον
787 1265 1035 1329 ςεαυτήν’
1074 1263 1226 1318 εἷπον
1267 1263 1350 1316 (ἐκ
1388 1263 1544 1327 μέςου
1576 1261 1770 1326 ῥήξεις,

558 1353 588 1415 ἢ
628 1353 724 1414 τὴν
756 1351 964 1404 ἐκείνου
1002 1351 1226 1414 πιότητα
1258 1346 1483 1416 μιμήςῃῖ
2222 1360 2274 1398 10

388 1451 505 1504 Ὅτι
545 1451 876 1505 ἐπικίνδυνον
913 1455 1023 1504 τοῖς
1063 1451 1298 1504 ἑλάττοςι
1334 1447 1733 1512 παρατείνεςθαι
1770 1450 1880 1500 wic
1914 1442 2129 1512 μείζοςι.

561 1710 733 1772 Γέρων
770 1706 892 1760 ποθ’
929 1707 1093 1759 ἵππος
1131 1706 1202 1758 εἰς
1242 1705 1439 1768 ἀλητόν
1478 1705 1707 1768 ἐπράθη·

561 1794 792 1857 ζευχθεὶς
827 1789 879 1846 ’δ’
915 1793 1021 1845 ὑπὸ
1061 1793 1225 1856 μύλην
1241 1789 1459 1861 <εἴλεθ’>
1504 1791 1725 1854 ἑςπέρην
1761 1792 1932 1843 πᾶςαν

560 1881 643 1932 καὶ
682 1881 746 1943 δὴ
787 1878 1030 1932 ςτενάξας
1066 1877 1241 1930 εἶπεν·
1282 1870 1358 1929 ίἐκ
1397 1877 1614 1941 δρόμων
1654 1875 1789 1927 οἵων

560 1968 863 2028 καμπτῆρα(
892 1963 1051 2015 οἵους
1091 1962 1571 2028 ἀλφιτειογυρεύω.’

634 2049 818 2118 [μηδὲν
844 2050 1133 2113 ἐπαναίρου
1152 2049 1295 2112 ’πρὸς
1317 2049 1383 2100 τὸ
1412 2051 1503 2111 τῆς
1531 2046 1695 2111 ἀκμῆς
1721 2050 1947 2111 γαῦρον·
2247 2059 2272 2096 5

560 2138 774 2188 πολλοῖς
811 2135 874 2188 τὸ
911 2138 1077 2198 γῆρας
1117 2135 1174 2186 ἐν
1210 2134 1395 2186 κόποις
1434 2131 1721 2200 ἀνηλώθη]

565 2392 767 2455 Γλύψας
807 2391 994 2443 ἐπώλει
1030 2390 1278 2452 λύγδινόν
1313 2407 1389 2442 τις
1426 2385 1683 2454 Ἑρμείην.

561 2477 655 2528 τὸν
695 2476 741 2529 δ’
779 2477 1047 2540 ἠγόραζον
1089 2475 1291 2539 ἄνδρες,
1331 2475 1391 2527 ὃς
1429 2477 1523 2539 μὲν
1562 2474 1633 2527 εἰς
1673 2474 1862 2538 ςτήλην

566 2562 700 2627 (υἱὸς
737 2563 837 2626 γὰρ
879 2564 1022 2630 αὐτῷ
1059 2562 1383 2627 προςφάτως
1423 2562 1723 2625 ἐτεθνήκει),

563 2649 592 2700 ὁ
633 2650 692 2700 δὲ
730 2647 1084 2711 χειροτέχνημ’
1124 2648 1195 2699 ὡς
1236 2648 1362 2699 θεὸν
1400 2648 1744 2711 καθιδρύςων.

562 2733 626 2796 ἦν
666 2732 711 2786 δ’
749 2732 854 2797 ὀψὲ
890 2733 968 2796 χὼ
1006 2733 1285 2795 λιθουργὸς
1323 2732 1421 2784 οὐκ
1460 2733 1742 2796 ἐπεπράκει
2246 2746 2271 2783 5

564 2819 873 2882 ςυνθέμενος
913 2817 1090 2870 αὐτοῖς
1128 2818 1199 2870 εἰς
1239 2820 1335 2871 τὸν
1373 2818 1574 2882 ὄρθρον
1612 2818 1677 2870 αὖ
1717 2821 1878 2871 δεῖξαι
2188 2804 2192 2810 ’

564 2905 811 2956 ἑλθοῦςιν.
854 2904 883 2956 ὁ
924 2906 983 2956 δὲ
1022 2906 1301 2969 λιθουργὸς
1340 2903 1480 2958 εἶδεν
1517 2905 1763 2957 ὑπνώςας

567 2989 729 3041 αὐτὸν
768 2990 862 3041 τὸν
897 2982 1096 3053 Ἑρμῆν
1135 2990 1192 3041 ἐν
1230 2991 1414 3042 πύλαις
1453 2989 1742 3053 ὀνειρείαις,

395 3161 456 3204 28
487 3160 520 3203 Α
552 3159 676 3203 V211
722 3160 898 3213 (Knoell
936 3174 978 3213 p.
1011 3161 1108 3212 680)
1141 3177 1194 3196 ==
1229 3160 1349 3204 {³378
1380 3178 1434 3197 =
1467 3160 1595 3206 13420
1638 3181 1697 3190 -
1748 3164 1770 3200 1
1803 3159 1992 3214 Φρύνου
2022 3158 2209 3212 γένημα
2241 3158 2272 3201 V

225 3222 249 3259 2
282 3218 440 3260 αὐτός’
470 3217 700 3258 Eberhard
731 3216 901 3259 αὐτόςε
936 3216 963 3259 F
1066 3220 1095 3257 4
1127 3217 1281 3270 μήτηρ
1314 3217 1347 3260 Α
1427 3218 1556 3271 ὥρας
1577 3217 1670 3262 ΑΥ
1787 3219 1813 3259 5
1843 3217 1958 3270 ἦλθε
1983 3215 2024 3260 Ἀ
2139 3218 2268 3257 4—.5

225 3275 331 3330 ἄρτι
359 3274 476 3327 γάρ,
506 3273 598 3327 πρὸ
624 3275 715 3326 τῆς
748 3273 877 3327 ὥρης
909 3273 1054 3327 (ὥρας
1086 3273 1212 3325 Av),
1244 3274 1385 3326 ἦλθεν
1417 3274 1511 3325 tw,
1544 3276 1741 3316 distinxit
1762 3273 1821 3327 Ιὓ]
1854 3274 2012 3324 εἶπον,
2043 3272 2151 3327 ἄρτι
2178 3272 2270 3326 πρὸ

225 3334 311 3384 τῆς
342 3331 491 3385 ὥρας·
527 3329 642 3382 ἦλθε
672 3329 764 3384 γὰρ
787 3329 825 3373 'F
943 3332 968 3370 6
1002 3328 1250 3383 μαλαχθείς
1282 3330 1310 3374 F
1341 3331 1593 3384 παλαχθείς
1620 3331 1819 3372 Hereher
1935 3332 1960 3370 7
1986 3331 2210 3372 τοιοῦτον
2234 3328 2272 3373 ‘V

226 3390 253 3430 8
282 3386 327 3430 οἱ
357 3387 430 3430 δὲ·
460 3387 619 3430 παύου
656 3388 701 3437 μὶ
731 3385 870 3439 πρίου
906 3388 1050 3439 μῆτερ
1072 3387 1113 3429 ’ν
1203 3389 1255 3427 10
1285 3388 1489 3440 πιότητα
1522 3387 1569 3441 G]
1602 3389 1837 3441 ποιότητα
1867 3386 1952 3432 Av

395 3444 456 3487 29
487 3443 521 3487 Α
553 3443 652 3488 822
697 3462 755 3473 -
799 3445 823 3483 2
856 3441 1047 3498 (εἵλεθ’)
1088 3443 1287 3497 ἑςπέρην
1326 3447 1478 3487 πᾶςαν
1521 3444 1571 3498 G]
1613 3448 1764 3487 πᾶςαν
1804 3444 2006 3498 ἑςπέρην
2036 3443 2079 3486 Ἀ
2118 3444 2270 3485 πᾶςαν

227 3500 426 3554 ἑςπέρην
457 3500 558 3551 ἤλει
588 3501 815 3541 Eberhard
913 3503 940 3540 4
971 3499 1375 3554 ἀλφιτειογυρεύω
1409 3500 1460 3554 G]
1494 3501 1725 3554 ἀλφίτοιςι
1754 3501 1945 3555 γυρεύω
1966 3501 2001 3544 Α
2031 3498 2273 3552 ἀλφιτεῡςι

224 3557 413 3611 γυρεύω
446 3557 651 3598 Meineke
747 3555 894 3611 [5—6]
934 3557 962 3599 Ι.
1061 3559 1084 3597 5
1119 3557 1265 3609 μηδὲν
1295 3557 1554 3612 ἐπαναίρου
1582 3557 1639 3613 G]
1668 3559 1733 3611 μὴ
1760 3556 1869 3600 ’λίαν
1901 3554 2094 3611 ἑπαίρου
2128 3555 2270 3607 (ἐπαι-

227 3613 375 3667 ρέςθω
407 3625 477 3656 τις
503 3613 561 3663 Β)
592 3614 626 3657 Α
652 3613 685 3657 Β
803 3616 827 3654 6
859 3612 909 3655 ἐν
935 3613 1100 3655 κόποις
1133 3611 1238 3666 Β-ἷῦ]
1271 3611 1336 3656 εἰς
1367 3615 1543 3658 πόνους
1575 3616 1609 3659 Α

395 3669 459 3714 30
482 3669 516 3713 Α
550 3672 571 3709 1
592 3668 623 3714 S
657 3670 888 3724 (λύγδινα)
917 3689 976 3701 --
1008 3674 1028 3709 1
1062 3668 1275 3723 Ἑρμείαν
1306 3670 1338 3715 8
1416 3676 1443 3712 4
1472 3671 1796 3726 xetpore'xvnu’
1819 3668 2091 3724 Lachmann]
2123 3681 2271 3724 χειρο-

224 3726 398 3779 τέχνης
427 3727 462 3770 Α
552 3729 576 3767 5
619 3728 695 3768 καὶ
728 3727 753 3768 ὁ
785 3728 820 3771 Α
910 3729 935 3767 6
977 3724 1139 3769 δείξειν
1170 3726 1400 3768 Eberhamd
1490 3731 1512 3768 7
1554 3729 1676 3772 εἶδεν
1706 3728 1760 3782 Α]
1801 3728 1925 3772 εἶτεν
1956 3728 2089 3769 Halm
2127 3726 2268 3769 ἔνθεν

225 3783 391 3824 Ahrens
