2332 4134
873 317 1263 370 —139—

381 458 438 512 ἔν
475 477 571 512 τινι
609 460 715 524 πρὸ
755 461 961 525 τείχους
1001 459 1432 531 <ἐγ>κατώρυξεν
1469 462 1618 531 τόπῳ

381 545 477 597 τὸν
513 548 645 597 νοῦν
685 545 877 599 ἑαυτοῦ
917 548 1374 610 ςυγκατεγκλείςας
1413 548 1543 600 ἐκεῖ·

379 629 494 684 καθ’
530 630 728 695 ἡμέρην
767 631 811 685 δ’
854 632 1142 697 ἐρχόμενος
1181 633 1346 686 αὐτὸν
1384 633 1617 699 ἔβλεπεν.
2068 647 2095 687 5

378 719 487 769 τῶν
525 717 573 769 δ’
611 717 850 782 ἐργατῶν
887 736 962 771 τις
1001 720 1287 784 ςυννοήςας
1324 720 1386 772 τὸ
1424 720 1646 782 γεγονὸς

383 800 777 865 ἀπαλλαγέντος
811 805 1006 868 χρυςὸν
1049 803 1440 874 <ἐξ>αφείλετο.

382 887 413 940 ὁ
453 887 498 942 δ’
541 888 614 940 ῶς
653 889 885 941 ἐπανιὼν
924 889 1046 954 εὗρε
1082 891 1178 942 τὸν
1217 891 1387 943 τόπον
1425 890 1598 952 κενόν,

383 973 555 1027 ἔκλαιε
592 975 677 1026 καὶ
715 975 809 1026 τὰς
846 975 1026 1039 τρίχας
1065 975 1253 1029 ἔτιλλε·
1292 977 1389 1028 τὸν
1428 977 1487 1030 δέ
1525 992 1600 1027 τις

379 1059 508 1113 ἰδὼν
545 1059 959 1125 ὑπερπαθοῦντα
996 1061 1195 1125 καίτίην
1231 1063 1416 1127 μαθὼν
2045 1075 2099 1114 10

379 1145 483 1211 ἔφη
522 1147 659 1210 πρὸς
697 1146 888 1199 αὐτόν·
933 1147 1011 1212 ’μὴ
1055 1145 1179 1217 <ςὺ>
1222 1150 1457 1214 λυπηθῇς
1497 1147 1653 1209 ἄγαν·

377 1231 525 1284 λίθον
563 1233 740 1297 λαβὼν
780 1234 869 1285 θὲς
906 1234 991 1284 καὶ
1027 1233 1207 1298 νόμιζε
1245 1233 1483 1298 χρυςίον·

377 1316 508 1369 οὐδὲ
543 1318 644 1382 γὰρ
684 1318 823 1382 ἔχων
862 1319 957 1371 τὸν
995 1319 1190 1383 χρυςὸν
1229 1317 1364 1382 εἶχες
1401 1318 1574 1384 χρῆμά
1611 1317 1690 1371 τι’.

455 1402 509 1471 [ἡ
548 1407 723 1468 κρῆςις
761 1405 922 1458 οὐδέν
960 1403 1057 1457 ἐςτ’
1101 1403 1226 1458 ἄνευ
1265 1408 1358 1469 τῆς
1395 1403 1662 1473 χρήςεως.]

379 1659 506 1725 Χῆν’
544 1660 768 1728 ἔτρεφέν
810 1659 949 1731 <τις>
991 1661 1239 1726 εὐπορῶν
1278 1661 1410 1726 ἀνήρ
1451 1655 1499 1713 θ’
1540 1660 1646 1726 ἅμα

380 1749 467 1802 καὶ
504 1748 714 1812 κύκνον,
754 1747 867 1802 ἀλλ’
906 1748 1003 1802 οὖν
1042 1748 1089 1811 γ’
1128 1749 1246 1813 οὐχὶ
1283 1751 1394 1801 τοῖς
1433 1747 1614 1801 αὐτοῖς
1652 1747 1758 1800 ἔπι·

382 1835 478 1888 τὸν
515 1837 610 1900 μὲν
647 1835 748 1900 γὰρ
790 1835 949 1904 ᾡδῆς,
987 1836 1084 1887 τὸν
1123 1837 1183 1888 δὲ
1221 1838 1317 1887 τοῦ
1358 1834 1574 1887 δείπνου
1614 1834 1781 1899 χάριν.

379 1921 492 1973 ἐπεὶ
530 1919 579 1973 δ’
617 1921 704 1986 ἐφ’
742 1920 821 1974 οἷς
864 1921 1118 1987 ἐτρέφετο
1158 1920 1269 1985 χῆν’
1311 1920 1418 1973 ἔδει
1453 1923 1657 1983 παθεῖν,

378 2006 409 2058 ὁ
449 2007 630 2071 καιρὸς
669 2007 767 2060 οὐκ
804 2006 1011 2073 ἀφῆκεν
1050 2007 1303 2072 ἑκάτερον
1341 2008 1523 2069 λέγειν.
2069 2019 2095 2058 5

42 2190 346 2245 κατώρυξε
387 2191 799 2246 ςυγκατωρύξας
842 2191 964 2235 ἐκεῖ
1005 2193 1081 2234 καὶ
1121 2193 1214 2245 τὴν
1245 2192 1406 2246 ψυχὴν
1438 2191 1656 2233 ἑαυτοῦ
1689 2191 1766 2233 καὶ
1810 2191 1915 2235 τὸν
1955 2196 2098 2236 νοῦν

41 2248 118 2290 καὶ
149 2249 284 2290 καθ’
305 2248 536 2303 ἡμέραν
559 2248 886 2303 ἐρχόμενος
909 2249 1094 2293 αὐτὸν
1118 2250 1296 2303 ἔβλεπε.
1326 2252 1445 2292 τῶν
1471 2249 1511 2290 δ’
1532 2248 1803 2302 ἐργατῶν
1825 2262 1913 2293 τις
1945 2251 2098 2293 αὐτὸν

42 2304 388 2360 παρατηρήςας
419 2307 495 2348 καὶ
527 2306 594 2348 τὸ
625 2307 885 2360 γεγονὸς
919 2307 1253 2360 ςυννοήςας
1293 2306 1527 2361 ἀνορύξας
1557 2305 1643 2348 τὸν
1677 2308 1831 2359 βῶλον
1864 2305 2092 2350 ἀνείλετο.

43 2361 160 2414 μετὰ
193 2362 244 2406 δὲ
274 2366 430 2406 ταῦτα
463 2362 683 2407 κάκεῖνος
704 2364 859 2407 ἐλθὼν
882 2365 959 2407 καὶ
990 2365 1169 2408 κενὸν
1199 2363 1304 2407 τὸν
1326 2364 1513 2407 τόπον
1536 2361 1676 2406 ἰδὼν
1700 2365 1897 2418 θρηνεῖν
1918 2365 2098 2419 ἤρξατο

39 2421 116 2462 καὶ
145 2418 319 2464 τίλλειν
348 2420 455 2464 τὰς
485 2419 703 2476 τρίχας.
735 2424 912 2464 τοῦτον
946 2421 997 2464 δέ
1027 2435 1098 2465 τις
1120 2422 1485 2477 ὀλοφυρόμενον
1517 2422 1674 2464 οὕτως
1704 2419 1852 2464 ἰδὼν
1883 2423 1975 2464 καὶ
2005 2423 2098 2476 τὴν

41 2475 240 2520 αἰτίαν
256 2478 524 2531 πυθόμενος
545 2477 620 2532 *μὴ
644 2479 817 2522 οὕτως’
839 2479 983 2531 εἶπεν,
1020 2479 1074 2522 *ὦ
1099 2478 1258 2529 οὗτος,
1279 2479 1462 2532 ἀθύμει.
1495 2478 1634 2521 οὐδὲ
1664 2478 1773 2536 γὰρ
1808 2479 1959 2532 ἔχων
1990 2480 2099 2522 τὸν

38 2535 255 2589 χρυςὸν
287 2536 463 2590 εἶχες·
515 2534 680 2579 λίθον
720 2535 807 2579 οὖν
848 2536 955 2580 ἀντὶ
986 2540 1161 2591 χρυςοῡ
1194 2537 1389 2589 λαβὼν
1420 2536 1514 2579 θὲς
1546 2537 1640 2578 καὶ
1671 2536 1875 2588 νόμιζέ
1908 2548 1977 2579 ςοι
2009 2537 2098 2579 τὸν

41 2592 214 2645 χρυςὸν
245 2593 392 2636 εἶναι·
427 2593 519 2646 τὴν
551 2593 706 2646 αὐτὴν
736 2593 827 2648 γάρ
863 2607 930 2637 ςοι
959 2595 1199 2649 πληρώςει
1229 2593 1413 2650 χρείαν·
1476 2594 1542 2636 ῶς
1573 2593 1671 2648 ὁρῶ
1702 2593 1792 2648 γὰρ
1826 2592 1926 2635 οὐδ’
1957 2594 2038 2636 ὅτε
2070 2594 2098 2637 ό

38 2648 207 2703 χρυςός
228 2650 302 2703 ἦν,
324 2650 376 2694 ἐν
396 2652 558 2704 χρήςει
579 2651 698 2704 ῆςθα
715 2654 802 2693 τοῦ
821 2651 1088 2704 κτήματος’.
1114 2651 1144 2697 G
1264 2650 1637 2706 Φιλάργυρός
1663 2663 1754 2693 τις
1775 2650 1866 2703 τὴν
1887 2650 1951 2693 οὐ
1967 2650 2094 2693 ςίαν

41 2705 560 2762 ἑξαργυρωςάμενος
600 2708 1039 2763 (ἐξαργυριζόμενος
1074 2709 1119 2763 f)
1154 2711 1352 2763 βῶλον
1383 2711 1589 2763 χρυςοῡν
1624 2707 1844 2761 ὠνήςατο
1877 2709 1953 2749 καὶ
1983 2711 2092 2751 τοῦ·

38 2775 126 2806 τον
169 2764 277 2819 πρὸ
317 2767 421 2809 τοῦ
462 2763 694 2819 τείχους
736 2764 917 2819 (τοίχου
961 2767 1004 2818 F)
1045 2766 1310 2821 κατορύξας
1352 2765 1547 2809 διετέλει
1587 2769 1794 2819 ςυνεχῶς
1836 2764 2091 2819 ἐρχόμενος

39 2821 117 2864 καὶ
148 2820 555 2875 ἐπιςκεπτόμενος.
586 2825 762 2866 τοῦτον
795 2824 855 2866 δὲ
887 2825 994 2878 περὶ
1025 2825 1112 2867 τὸν
1143 2824 1295 2867 τόπον
1322 2836 1410 2867 τις
1431 2826 1547 2866 τῶν
1569 2822 1839 2876 ἐργατῶν
1870 2823 2095 2866 πολλάκις

42 2877 229 2930 βλέπων
267 2879 729 2934 παρατηρηςάμενός
767 2894 820 2923 τε
862 2880 1011 2923 αὐτοῦ
1049 2881 1135 2924 τὰς
1166 2879 1346 2934 ἀφίξεις
1377 2882 1454 2923 καὶ
1486 2880 1772 2933 καταλαβών
1812 2879 1962 2922 αὐτοῦ
2005 2880 2094 2922 τὸν

40 2947 70 2988 χ
119 2935 260 2978 υςὸν
291 2935 584 2990 ἀφείλατο
620 2938 756 2988 (τῶν
789 2937 849 2980 δὲ
880 2939 987 2993 περὶ
1026 2939 1178 2982 τόπον
1211 2939 1484 2993 ἐργατῶν
1514 2950 1602 2981 τις
1631 2937 2090 2991 παρατηρηςάμενος

41 3003 71 3034 α
105 2995 191 3035 τοῦ
240 2992 327 3037 τὰς
373 2992 551 3047 ἀφίξεις
596 2994 829 3047 ὑπενόηςε
869 2995 926 3037 τὸ
967 2995 1154 3048 ἀληθές.
1214 2994 1673 3048 ἀπαλλαγέντος
1710 2993 1797 3036 οὖν
1840 2993 1990 3036 αὐτοῦ
2036 2993 2096 3036 τὸ

38 3047 231 3103 χρυςίον
254 3047 470 3094 ἀνείλετο
494 3051 555 3102 F).
587 3050 613 3094 ὁ
646 3052 706 3094 δέ
730 3052 802 3095 ῶς
824 3052 1128 3095 ἐπανελθὼν
1162 3051 1299 3107 εὗρε
1331 3053 1437 3094 τὸν
1461 3051 1650 3095 τόπον
1673 3051 1874 3102 κενὸν,
1897 3051 2093 3093 ἔκλαιε

43 3105 89 3157 (ὁ
120 3105 181 3149 δέ
213 3106 516 3151 ἐπανελθῶν
547 3110 624 3150 καὶ
659 3109 839 3152 κενὸν
872 3109 1029 3163 εὑρὼν
1061 3110 1168 3152 τὸν
1199 3110 1385 3152 τόπον
1419 3109 1556 3152 ἔκλα
1574 3108 1623 3151 ιέ
1642 3122 1695 3152 τε
1717 3110 1848 3163 Aug.)
1871 3109 1963 3149 καὶ
1993 3107 2097 3150 τὰς

40 3161 850 3216 τρίχαςέτιλλεν.ἰδὼνδέτις
873 3165 2029 3221 αὐτὸνὑπερπαθοῠντα(οω.ῦὺπερπαθόντα
2048 3164 2093 3215 F)

41 3220 138 3262 καὶ
167 3220 259 3273 τὴν
298 3219 490 3264 αἰτίαν
524 3223 722 3274 μαθὼν
756 3223 926 3273 (αὐτὸν
958 3225 1052 3266 καὶ
1084 3224 1412 3276 καταμαθὼν
1442 3224 1534 3276 τὴν
1585 3221 1778 3265 αἰτίαν
1816 3223 1946 3275 Aug.)
1986 3222 2095 3275 ἔφη

40 3276 181 3330 πρὸς
214 3277 425 3322 αὐτόν·
464 3278 547 3332 ’μὴ
580 3280 730 3322 λυποῦ
764 3280 945 3335 (ἑταῖρε
977 3281 1078 3325 add.
1109 3281 1256 3336 Augu),
1288 3279 1405 3324 ἀλλὰ
1436 3280 1628 3333 λαβὼν
1660 3278 1823 3322 λίθον
1855 3282 1926 3332 τῷ
1960 3278 2094 3333 αὐτῷ

44 3333 179 3388 τόπῳ
212 3334 435 3379 κατάθες
467 3335 704 3389 (κατάθες
737 3337 787 3380 ἐν
819 3341 890 3392 τῷ
915 3337 1047 3392 αὐτῷ
1085 3338 1222 3393 τόπῳ
1254 3337 1386 3392 Aug.)
1419 3338 1514 3380 καὶ
1544 3337 1745 3388 νόμιζε
1775 3336 1832 3378 τὸ
1864 3334 2096 3389 χρυςίον

39 3391 240 3434 κεῖςθαι·
280 3391 420 3435 οὐδὲ
461 3392 621 3444 (οὐδὲν
653 3395 785 3447 Aug.)
816 3394 950 3448 γάρ,
993 3395 1074 3438 ὅτε
1120 3395 1192 3448 ῆν,
1241 3394 1363 3449 ἐχρῶ
1411 3394 1574 3449 αὐτῷ’.
1609 3394 1636 3437 F
1669 3396 1779 3446 Aug.
1832 3409 1889 3424 —
1941 3395 2097 3434 1——13

41 3452 140 3489 rest·
176 3447 207 3493 G
311 3470 313 3472 ·
357 3448 449 3504 [14]
482 3454 584 3491 νοεῖ.
619 3449 670 3504 G]
705 3451 754 3494 Ὁ
793 3451 935 3503 λόγος
975 3452 1112 3504 δηλοῖ
1153 3452 1226 3494 ὅτι
1274 3453 1304 3505 ἡ
1349 3454 1542 3505 κτῆςις
1583 3449 1759 3493 οὐδέν
1798 3449 1973 3501 ἐςτιν,
2005 3449 2091 3492 ἐὰν

46 3503 107 3557 μὴ
139 3504 168 3557 ἡ
201 3508 360 3559 χρῆςις
389 3509 531 3561 παρῇ.
564 3509 691 3560 epim.
722 3510 831 3562 Aug.

211 3563 305 3607 252
337 3563 467 3607 '²200
499 3563 694 3608 cul-2
753 3565 925 3619 Ἀνὴρ
958 3565 1235 3619 εὐπορῶν
1280 3565 1428 3618 χῆνά
1474 3578 1533 3607 τε
1582 3563 1689 3615 ἅμα
1729 3564 1824 3605 καὶ
1869 3563 2088 3605 κύκνον

46 3614 327 3672 ἔτρεφεν,
373 3619 460 3663 οὐκ
501 3620 592 3663 ἐπὶ
632 3624 762 3664 τοῖς
804 3621 1010 3665 αὐτοῖς
1050 3621 1232 3675 μέντοι·
1273 3622 1376 3664 τὸν
1410 3622 1511 3674 μέν
1542 3620 1647 3674 γὰρ
1683 3620 1861 3675 ᾠδῆς,
1894 3620 1995 3662 τὸν
2028 3620 2085 3662 δὲ

41 3675 277 3730 τραπέζης
308 3677 483 3720 ἕνεκεν.
516 3677 638 3720 ἐπεὶ
670 3678 729 3720 δέ
761 3678 878 3721 ἔδει
917 3679 1024 3721 τὸν
1054 3682 1204 3733 χῆνα
1235 3680 1447 3722 παθεῖν
1479 3678 1569 3731 ἐφ’
1602 3675 1685 3720 οἷς
1724 3676 1972 3731 ἐτρέφετο,
2004 3677 2085 3719 νὺξ

45 3730 130 3782 μὲν
159 3731 220 3786 ἦν
249 3734 326 3776 καὶ
357 3733 681 3787 διαγινώςκειν
713 3735 739 3777 ό
771 3735 976 3791 καιρὸς
1008 3735 1109 3778 οὐκ
1141 3735 1363 3789 ἀφῆκεν
1397 3735 1693 3788 ἑκάτερον.
1725 3734 1750 3776 ὁ
1783 3734 1843 3776 δὲ
1868 3733 2086 3776 κύκνος

42 3786 172 3831 ἀντὶ
202 3793 289 3832 τοῦ
320 3791 497 3844 χηνὸς
529 3790 752 3844 ἀπαχθεὶς
793 3792 915 3847 ᾄδει
954 3806 1007 3835 τι
1050 3792 1219 3844 μέλος
1266 3791 1475 3834 θανάτου
1519 3790 1859 3845 προοίμιον·
1891 3791 1985 3832 καὶ
2015 3794 2080 3844 τῇ

44 3844 146 3896 μὲν
169 3844 285 3900 ᾡδῇ
307 3847 511 3900 μηνύει
532 3849 640 3901 τὴν
673 3849 871 3902 φύςιν,
893 3849 983 3903 τὴν
1006 3850 1063 3892 δὲ
1085 3849 1369 3901 τελευτὴν
1394 3848 1705 3901 διαφεύγει
1726 3851 1803 3903 τῷ
1830 3847 1990 3900 μέλει
2010 3847 2099 3892 01·
