2332 4134
593 584 740 636 Λέων
779 580 1030 645 ἀγρεύςας
1068 582 1166 643 μῦν
1205 578 1382 641 ἔμελλε
1421 577 1735 638 δειπνήςειν·

593 669 621 721 ὁ
662 667 707 720 δ’
746 667 985 730 οἰκότριψ
1025 666 1175 728 κλὼψ
1215 663 1365 725 ἐγγὺς
1406 663 1480 713 ῶν
1519 661 1688 725 μόρου
1726 660 1936 724 τλήμων

593 756 812 805 τοιοῑςδε
851 752 1032 815 μύθοις
1069 750 1263 800 ἱκέτευε
1301 748 1396 799 τὸν
1437 750 1598 810 θῆρα*

594 837 843 901 ςἐλάφους
881 836 1064 899 πρέπει
1103 850 1178 885 ςοι
1217 833 1300 885 καὶ
1338 831 1704 895 κεραςφόρους
1741 829 1969 893 ταύρους

592 925 834 986 θηρῶντα
869 920 1031 982 νηδὺν
1071 919 1215 982 ςαρκὶ
1253 921 1377 984 τῇδε
1415 916 1652 976 πιαίνειν,

590 1009 717 1071 μυὸς
756 1009 814 1059 δὲ
854 1009 1065 1058 δεῖπνον
1105 1003 1219 1056 οὐδ’
1259 1003 1434 1068 ἁβρῶς
1474 1002 1751 1066 ἑπιψαῦςαι

591 1096 776 1156 χειλῶν
815 1092 1070 1155 ἀμέτρων.
1111 1088 1242 1141 ἀλλὰ
1280 1089 1521 1151 λίςςομαι,
1561 1086 1768 1151 φείδου.

592 1179 714 1230 ἴςως
752 1179 902 1241 χάριν
941 1194 1017 1228 ςοι
1055 1179 1207 1239 τῆςδε
1251 1175 1430 1238 μικρὸς
1469 1174 1543 1225 ῶν
1582 1171 1738 1224 τίςω.’

590 1264 807 1325 γελάςας
846 1262 892 1314 δ’
931 1262 960 1314 ὁ
1002 1263 1098 1325 θὴρ
1137 1264 1337 1324 παρῆκε
1377 1260 1471 1312 τὸν
1507 1259 1679 1322 ἱκέτην
1718 1261 1890 1312 ζῶντα

590 1351 671 1402 καὶ
709 1351 1091 1414 φηλαγρευταῑς
1130 1347 1365 1410 ἐμπεςὼν
1402 1345 1681 1407 νεηνίςκοις

588 1434 874 1496 ἑδικτυώθη
916 1432 1018 1484 κείς
1057 1432 1259 1496 ςφαγὰς
1299 1429 1592 1494 ἑδεςμεύθη.

590 1518 895 1586 [κάντεῦθεν
933 1517 1221 1578 ἀπεγνώκει
1260 1516 1290 1568 ὁ
1331 1518 1428 1580 θὴρ
1470 1517 1564 1579 τὴν
1603 1511 1899 1580 ςωτηρίαν]

592 1604 621 1655 ὁ
660 1606 754 1667 μῦς
793 1605 852 1655 δὲ
890 1603 1056 1670 λάθρῃ
1096 1605 1332 1666 χηραμοῦ
1372 1600 1711 1664 προπηδήςας

590 1688 807 1751 ςτερρόν
845 1687 888 1738 τ’
928 1686 1107 1739 ὀδοῦςι
1147 1685 1488 1751 βραχυτάτοις
1527 1685 1724 1749 βρόχον
1762 1683 1935 1747 κείρας

591 1774 735 1826 ἕλυςε
773 1773 868 1825 τὸν
906 1774 1108 1833 λέοντα,
1147 1775 1242 1823 τοῦ
1282 1772 1343 1823 τὸ
1382 1775 1498 1835 φῶς
1537 1771 1722 1834 βλέψαι

591 1859 804 1912 ἐπάξιον
843 1859 969 1910 δοὺς
1007 1858 1187 1921 μιςθὸν
1226 1856 1626 1920 ἀντιζωγρήςας.

663 1943 852 2010 [ςαφὴς
891 1943 920 1994 ὁ
960 1946 1122 2006 μῦθος
1162 1941 1430 1994 εὐνοοῦςιν
1470 1941 1785 2005 ἀνθρώποις,

592 2030 772 2096 ςῴζειν
809 2029 1033 2091 πένητας
1071 2030 1318 2092 μηδαμῶς
1357 2027 1672 2087 ἀπελπίζειν,

592 2114 635 2166 εἰ
674 2116 756 2166 καὶ
793 2115 981 2166 λέοντα
1020 2118 1114 2178 μῦς
1152 2112 1297 2166 ἔςως’
1336 2111 1696 2180 ἀγρευθέντα]

590 2285 772 2336 Μῦθος
810 2285 917 2348 μέν,
957 2283 1000 2336 ὦ
1039 2287 1132 2335 παῖ
1172 2284 1416 2347 βαςιλέως
1454 2282 1817 2346 Ἀλεξάνδρου,

586 2370 774 2433 Σύρων
811 2369 1035 2421 παλαιόν
1074 2370 1205 2421 έςτιν
1244 2368 1417 2432 εὕρεμ’
1455 2367 1772 2431 ἀνθρώπων,

588 2455 642 2506 οἳ
681 2455 803 2518 πρίν
840 2455 957 2507 ποτ’
995 2454 1123 2518 ἦςαν
1164 2455 1246 2506 ἐπὶ
1286 2454 1444 2506 Νίνου
1485 2471 1540 2505 τε
1579 2454 1661 2505 καὶ
1702 2453 1899 2516 Βήλου·

588 2542 798 2602 πρῶτος
837 2540 911 2602 δέ,
950 2540 1120 2604 φαςίν,
1160 2537 1271 2591 εἶπε
1309 2539 1478 2590 παιςὶν
1516 2537 1784 2601 Ἑλλήνων

588 2621 825 2675 Αἴςωπος
863 2623 893 2675 ὁ
934 2623 1116 2688 ςοφός,
1155 2622 1269 2676 εἶπε
1307 2624 1390 2675 καὶ
1429 2623 1742 2687 Λιβυςτίνοις
2256 2632 2281 2671 5

589 2707 779 2769 λόγους
819 2709 1070 2773 Κιβύςςης.
1111 2707 1223 2760 ἀλλ’
1262 2709 1364 2770 ἐγὼ
1404 2709 1494 2776 νέῃ
1535 2708 1696 2775 μούςῃ

586 2793 770 2857 δίδωμι
809 2793 1032 2861 φαλάρω
1071 2794 1269 2860 χρυςέῳ
1312 2794 1595 2856 χαλινώςας

422 3003 510 3048 107
541 3005 575 3048 Α
607 3005 704 3048 877
738 3004 830 3047 1598
853 3020 906 3040 =
930 3003 959 3048 G
980 3019 1021 3057 p.
1044 3006 1127 3045 373
1160 3003 1284 3048 (2217
1306 3020 1360 3040 =
1380 3003 1492 3058 Aug.
1513 3006 1592 3045 148
1624 3023 1683 3032 —
1728 3006 1753 3044 2
1786 3001 2001 3058 οἰκότριψ
2031 2998 2132 3054 Fix]
2165 2997 2283 3041 οἰκο-

248 3061 363 3116 τρὶψ
389 3061 423 3105 Α
539 3063 564 3101 5
596 3063 821 3114 θηρῶντα
851 3061 937 3101 Fix
970 3059 1043 3115 Β]
1076 3062 1237 3115 Θηρῶν
1269 3060 1319 3103 δὲ
1350 3060 1385 3104 Α
1416 3063 1625 3115 θηρῶντι
1655 3061 1864 3102 Duebner
1986 3061 2012 3100 6
2043 3057 2200 3112 ἁβρῶς
2231 3053 2282 3109 Β]

251 3119 394 3172 ἄκρον
413 3118 448 3163 Α
479 3117 640 3172 ἄκρων
670 3119 812 3158 Boiss.
954 3120 977 3158 7
1010 3117 1232 3172 ἀμέτρων
1265 3117 1314 3170 G]
1348 3117 1559 3169 ἀμέςςων
1585 3118 1620 3162 Α
1651 3118 1843 3170 ἄμεινον
1871 3116 2126 3159 Lachmann
2155 3111 2282 3163 θέμις

252 3178 343 3217 ςῶν
367 3176 669 3216 Schneidewin
700 3174 818 3226 ἄφες
853 3174 894 3226 μ’
916 3173 1001 3216 οῦν
1024 3174 1192 3216 Seidler
1307 3176 1332 3215 8
1362 3173 1507 3227 τήνδε
1537 3175 1766 3216 Eberhard
1795 3174 1948 3216 τῶνδε
1977 3174 2061 3214 Fix
2078 3169 2284 3212 Meineke

252 3236 277 3273 9
309 3232 445 3286 Ζῲειν
466 3233 551 3272 Fix
651 3233 705 3272 20
735 3231 812 3272 καὶ
844 3233 1198 3284 φηλαγρευταῑς
1228 3231 1500 3284 Lachmann]
1534 3233 1609 3274 καὶ
1632 3233 1968 3286 φιλαγρευταῖς
1987 3229 2023 3274 Α
2051 3228 2128 3272 καὶ
2151 3226 2284 3279 φιλα·

249 3289 483 3343 γρέταιςιν
500 3289 727 3329 Eberhard
749 3287 1070 3341 φιλαγρέταιςι
1092 3289 1131 3329 δ’
1147 3290 1230 3329 Fix
1255 3288 1433 3331 κᾶπειτ’
1451 3288 1704 3342 ἀγρευταῖς
1726 3288 2027 3330 Schneidewin
2114 3286 2165 3324 11
2188 3279 2283 3324 κείς

252 3346 432 3399 ςφαγὰς
465 3343 514 3398 G]
557 3345 634 3387 καὶ
666 3345 854 3397 ςφαλεὶς
884 3346 918 3388 Α
950 3343 1202 3397 κάςφαλῶς
1232 3347 1434 3386 Meineke
1472 3347 1548 3387 καὶ
1579 3346 1736 3400 κάλῳς
1765 3345 1991 3386 Eberhard
2028 3342 2104 3385 καὶ
2134 3338 2283 3383 δεθεὶς

252 3402 442 3454 ἀπέγνω
471 3404 557 3455 τῆς
586 3401 758 3444 ἑαυτοῦ
781 3399 1013 3455 ςωτηρίας
1036 3403 1067 3444 Β
1099 3402 1227 3456 κάλω
1252 3401 1464 3456 (καμήλῳ
1490 3402 1536 3455 G)
1568 3402 1706 3455 ἐδέθη
1730 3400 1943 3454 (ἐπεδέθη
1968 3400 2014 3452 f)
2045 3395 2122 3442 ἐπί
2141 3396 2210 3450 (ἔν
2235 3395 2282 3447 F)

251 3472 343 3502 τινι
373 3458 554 3514 δένδρῳ
577 3457 607 3503 G
627 3459 655 3502 Ι-“
671 3459 784 3512 Aug.
894 3457 986 3512 [12]
1008 3459 1090 3499 Fix
1114 3459 1142 3502 Ι.
1260 3462 1311 3499 15
1334 3461 1420 3500 τοῦ
1443 3459 1499 3500 τὸ
1524 3459 1593 3514 ιθ]
1626 3462 1772 3502 τοῦτο
1792 3459 1826 3502 Α
1943 3459 1996 3498 17
2022 3454 2074 3499 εῦ
2096 3454 2281 3498 νοοῦςιν

253 3516 396 3570 Bergk
540 3517 592 3556 18
625 3515 850 3568 μηδαμῶς
882 3513 931 3567 G]
967 3514 1083 3567 μηδὲ
1113 3517 1213 3557 τῶν
1243 3515 1277 3559 Α
1310 3514 1426 3567 μηδέ
1457 3529 1557 3558 των
1589 3517 1736 3570 Bergk
1767 3513 1882 3568 μηδέ
1912 3526 2014 3557 πως
2042 3514 2127 3555 Fix

418 3588 686 3639 prooemium
707 3587 890 3628 alterum
920 3585 1078 3641 ἀρχ(ὴ)
1107 3590 1192 3629 τοῦ
1217 3601 1246 3639 μ
1266 3586 1599 3631 ΤΜΗΜΑΤΟΣ
1630 3602 1693 3642 pr.
1715 3587 1751 3631 Α
1778 3607 1836 3617 -
1865 3590 1890 3628 2
1910 3586 2110 3631 παλαιὸν
2130 3590 2214 3630 Fix
2235 3586 2279 3643 1.]

251 3644 462 3686 παλαιῶν
493 3641 527 3685 Α
687 3646 715 3684 4
745 3641 884 3696 φαςίν
915 3643 1017 3698 Fix]
1059 3646 1194 3686 πᾶςιν
1226 3645 1260 3687 Α
1416 3647 1441 3685 5
1474 3643 1756 3697 Λιβυςτίνοις
1794 3641 2113 3697 Schneidewin]
2153 3643 2281 3698 λίβυς

250 3699 378 3742 τινὸς
402 3699 437 3743 Α
467 3698 739 3750 Λιβυςτῑνος
770 3701 978 3741 Duebner
1074 3703 1098 3741 6
1129 3700 1297 3752 λόγους
1323 3701 1543 3756 Meineke]
1574 3702 1717 3754 λόγου
1739 3701 1774 3746 Α
1873 3700 2090 3754 Κιβύςςης
2119 3699 2278 3756 Bergk]

251 3756 460 3809 λιβύςςης
493 3755 526 3799 Α
645 3760 667 3797 7
699 3757 901 3811 φαλάρῳ
933 3758 1142 3798 Duebner
1172 3759 1363 3812 καθαρῷ
1399 3758 1433 3801 Α

2327 2817 2332 2826 .
2326 2755 2332 2767 Α
2323 2549 2332 2704 ,ρμέκὴ-
2322 2511 2324 2514 ·
