<?xml version="1.0" encoding="UTF-8"?>
<!DOCTYPE html PUBLIC "-//W3C//DTD XHTML 1.0 Transitional//EN"
    "http://www.w3.org/TR/xhtml1/DTD/xhtml1-transitional.dtd">
<html xmlns="http://www.w3.org/1999/xhtml" xml:lang="en" lang="en">
 <head>
  <title>
</title>
<meta http-equiv="Content-Type" content="text/html;charset=utf-8" />
  <meta name='ocr-system' content='tesseract 3.04.00' />
  <meta name='ocr-capabilities' content='ocr_page ocr_carea ocr_par ocr_line ocrx_word'/>
</head>
<body>
  <div class='ocr_page' id='page_1' title='image "babriifabulae00babruoft_0034.png"; bbox 0 0 2332 4134; ppageno 0'>
   <div class='ocr_carea' id='block_1_1' title="bbox 1094 285 1450 337">
    <p class='ocr_par' dir='ltr' id='par_1_1' title="bbox 1094 285 1450 337">
     <span class='ocr_line' id='line_1_1' title="bbox 1094 285 1450 337; baseline -0.006 -14"><span class='ocrx_word' id='word_1_1' title='bbox 1094 285 1450 337; x_wconf 72' lang='lat'>-22-</span> 
     </span>
    </p>
   </div>
   <div class='ocr_carea' id='block_1_2' title="bbox 585 426 1859 664">
    <p class='ocr_par' dir='ltr' id='par_1_2' title="bbox 585 426 1859 664">
     <span class='ocr_line' id='line_1_2' title="bbox 594 426 1576 490; baseline -0.008 -6"><span class='ocrx_word' id='word_1_2' title='bbox 594 432 836 484; x_wconf 64' lang='grc' dir='ltr'>κάκεῖνος</span> <span class='ocrx_word' id='word_1_3' title='bbox 869 429 1047 480; x_wconf 66' lang='grc' dir='ltr'>ἐλθὼν</span> <span class='ocrx_word' id='word_1_4' title='bbox 1077 428 1150 480; x_wconf 81' lang='grc' dir='ltr'>εἰς</span> <span class='ocrx_word' id='word_1_5' title='bbox 1188 427 1401 490; x_wconf 72' lang='grc' dir='ltr'>ἐρημίην</span> <span class='ocrx_word' id='word_1_6' title='bbox 1441 426 1576 478; x_wconf 71' lang='grc' dir='ltr'>ζώω.</span> 
     </span>
     <span class='ocr_line' id='line_1_3' title="bbox 664 509 1859 583; baseline -0.006 -16"><span class='ocrx_word' id='word_1_7' title='bbox 664 516 897 583; x_wconf 64' lang='grc' dir='ltr'>[τοιοῦτο</span> <span class='ocrx_word' id='word_1_8' title='bbox 936 516 1149 566; x_wconf 60' lang='grc' dir='ltr'>πολλῶν</span> <span class='ocrx_word' id='word_1_9' title='bbox 1187 512 1324 564; x_wconf 80' lang='grc' dir='ltr'>ἑςτὶν</span> <span class='ocrx_word' id='word_1_10' title='bbox 1360 510 1494 574; x_wconf 81' lang='grc' dir='ltr'>ἦθος</span> <span class='ocrx_word' id='word_1_11' title='bbox 1533 509 1859 573; x_wconf 70' lang='grc' dir='ltr'>ἀνθρώπων·</span> 
     </span>
     <span class='ocr_line' id='line_1_4' title="bbox 585 594 1753 664; baseline -0.006 -11"><span class='ocrx_word' id='word_1_12' title='bbox 585 600 663 653; x_wconf 83' lang='grc' dir='ltr'>οἷς</span> <span class='ocrx_word' id='word_1_13' title='bbox 703 600 899 664; x_wconf 66' lang='grc' dir='ltr'>ἐχθρὸς</span> <span class='ocrx_word' id='word_1_14' title='bbox 931 598 1012 651; x_wconf 84' lang='grc' dir='ltr'>ἀεὶ</span> <span class='ocrx_word' id='word_1_15' title='bbox 1051 601 1248 663; x_wconf 74' lang='grc' dir='ltr'>μᾶλλον</span> <span class='ocrx_word' id='word_1_16' title='bbox 1286 598 1315 659; x_wconf 81' lang='grc' dir='ltr'>ἢ</span> <span class='ocrx_word' id='word_1_17' title='bbox 1358 596 1520 660; x_wconf 77' lang='grc' dir='ltr'>φίλος</span> <span class='ocrx_word' id='word_1_18' title='bbox 1553 594 1753 661; x_wconf 76' lang='grc' dir='ltr'>γίνου.],</span> 
     </span>
    </p>
   </div>
   <div class='ocr_carea' id='block_1_3' title="bbox 1227 738 1317 794">
    <p class='ocr_par' dir='ltr' id='par_1_3' title="bbox 1227 738 1317 794">
     <span class='ocr_line' id='line_1_5' title="bbox 1227 738 1317 794; baseline 0 0"><span class='ocrx_word' id='word_1_19' title='bbox 1227 738 1317 794; x_wconf 62' lang='lat'>36—</span> 
     </span>
    </p>
   </div>
   <div class='ocr_carea' id='block_1_4' title="bbox 546 837 2303 2018">
    <p class='ocr_par' dir='ltr' id='par_1_4' title="bbox 592 837 1762 906">
     <span class='ocr_line' id='line_1_6' title="bbox 592 837 1762 906; baseline -0.004 -12"><span class='ocrx_word' id='word_1_20' title='bbox 592 843 743 906; x_wconf 84' lang='grc' dir='ltr'>Δρῦν</span> <span class='ocrx_word' id='word_1_21' title='bbox 782 841 1064 904; x_wconf 71' lang='grc' dir='ltr'>αὐτόριζον</span> <span class='ocrx_word' id='word_1_22' title='bbox 1105 839 1302 903; x_wconf 86' lang='grc' dir='ltr'>ἄνεμος</span> <span class='ocrx_word' id='word_1_23' title='bbox 1335 840 1387 891; x_wconf 77' lang='grc' dir='ltr'>ἐξ</span> <span class='ocrx_word' id='word_1_24' title='bbox 1427 837 1595 902; x_wconf 84' lang='grc' dir='ltr'>ὄρους</span> <span class='ocrx_word' id='word_1_25' title='bbox 1630 837 1762 901; x_wconf 82' lang='grc' dir='ltr'>ἄρας</span> 
     </span>
    </p>

    <p class='ocr_par' dir='ltr' id='par_1_5' title="bbox 584 922 1706 988">
     <span class='ocr_line' id='line_1_7' title="bbox 584 922 1706 988; baseline -0.004 -9"><span class='ocrx_word' id='word_1_26' title='bbox 584 922 740 979; x_wconf 78' lang='grc' dir='ltr'>ἕωςε·</span> <span class='ocrx_word' id='word_1_27' title='bbox 780 925 1018 988; x_wconf 91' lang='grc' dir='ltr'>ποταμὸς</span> <span class='ocrx_word' id='word_1_28' title='bbox 1057 925 1116 976; x_wconf 83' lang='grc' dir='ltr'>δὲ</span> <span class='ocrx_word' id='word_1_29' title='bbox 1158 925 1401 987; x_wconf 88' lang='grc' dir='ltr'>κατέςυρε</span> <span class='ocrx_word' id='word_1_30' title='bbox 1441 923 1706 985; x_wconf 86' lang='grc' dir='ltr'>κυμαίνών</span> 
     </span>
    </p>

    <p class='ocr_par' dir='ltr' id='par_1_6' title="bbox 583 1008 1780 1075">
     <span class='ocr_line' id='line_1_8' title="bbox 583 1008 1780 1075; baseline -0.004 -12"><span class='ocrx_word' id='word_1_31' title='bbox 583 1012 844 1074; x_wconf 85' lang='grc' dir='ltr'>πελώριον</span> <span class='ocrx_word' id='word_1_32' title='bbox 882 1011 1122 1075; x_wconf 84' lang='grc' dir='ltr'>φύτευμα</span> <span class='ocrx_word' id='word_1_33' title='bbox 1159 1012 1274 1061; x_wconf 70' lang='grc' dir='ltr'>τῶν</span> <span class='ocrx_word' id='word_1_34' title='bbox 1303 1010 1424 1072; x_wconf 89' lang='grc' dir='ltr'>πρὶν</span> <span class='ocrx_word' id='word_1_35' title='bbox 1465 1008 1780 1072; x_wconf 87' lang='grc' dir='ltr'>ἀνθρώπων.</span> 
     </span>
    </p>

    <p class='ocr_par' dir='ltr' id='par_1_7' title="bbox 584 1094 1738 1158">
     <span class='ocr_line' id='line_1_9' title="bbox 584 1094 1738 1158; baseline -0.003 -10"><span class='ocrx_word' id='word_1_36' title='bbox 584 1097 747 1148; x_wconf 84' lang='grc' dir='ltr'>πολὺς</span> <span class='ocrx_word' id='word_1_37' title='bbox 787 1097 854 1147; x_wconf 73' lang='grc' dir='ltr'>δὲ</span> <span class='ocrx_word' id='word_1_38' title='bbox 885 1095 1117 1157; x_wconf 80' lang='grc' dir='ltr'>κάλαμος</span> <span class='ocrx_word' id='word_1_39' title='bbox 1155 1095 1484 1158; x_wconf 72' lang='grc' dir='ltr'>ἑκατέρωθεν</span> <span class='ocrx_word' id='word_1_40' title='bbox 1522 1094 1738 1157; x_wconf 78' lang='grc' dir='ltr'>εἰςτήκει</span> 
     </span>
    </p>

    <p class='ocr_par' dir='ltr' id='par_1_8' title="bbox 583 1178 2302 1330">
     <span class='ocr_line' id='line_1_10' title="bbox 583 1178 2302 1244; baseline -0.002 -12"><span class='ocrx_word' id='word_1_41' title='bbox 583 1180 818 1244; x_wconf 81' lang='grc' dir='ltr'>ἐλαφρὸς</span> <span class='ocrx_word' id='word_1_42' title='bbox 857 1179 1018 1242; x_wconf 74' lang='grc' dir='ltr'>ὄχθης</span> <span class='ocrx_word' id='word_1_43' title='bbox 1055 1179 1312 1243; x_wconf 82' lang='grc' dir='ltr'>ποταμίης</span> <span class='ocrx_word' id='word_1_44' title='bbox 1350 1178 1496 1242; x_wconf 86' lang='grc' dir='ltr'>ὕδωρ</span> <span class='ocrx_word' id='word_1_45' title='bbox 1537 1179 1720 1230; x_wconf 70' lang='grc' dir='ltr'>πίνων.</span> <span class='ocrx_word' id='word_1_46' title='bbox 2278 1187 2302 1223; x_wconf 82' lang='grc'><strong><em>5</em></strong></span> 
     </span>
     <span class='ocr_line' id='line_1_11' title="bbox 584 1262 1852 1330; baseline -0.002 -13"><span class='ocrx_word' id='word_1_47' title='bbox 584 1266 786 1330; x_wconf 85' lang='grc' dir='ltr'>θάμβος</span> <span class='ocrx_word' id='word_1_48' title='bbox 821 1266 884 1317; x_wconf 77' lang='grc' dir='ltr'>δὲ</span> <span class='ocrx_word' id='word_1_49' title='bbox 918 1266 1013 1328; x_wconf 85' lang='grc' dir='ltr'>τὴν</span> <span class='ocrx_word' id='word_1_50' title='bbox 1053 1267 1187 1328; x_wconf 81' lang='grc' dir='ltr'>δρῦν</span> <span class='ocrx_word' id='word_1_51' title='bbox 1222 1262 1347 1327; x_wconf 76' lang='grc' dir='ltr'>εἶχε,</span> <span class='ocrx_word' id='word_1_52' title='bbox 1386 1266 1505 1316; x_wconf 83' lang='grc' dir='ltr'>πῶς</span> <span class='ocrx_word' id='word_1_53' title='bbox 1537 1263 1567 1315; x_wconf 87' lang='grc' dir='ltr'>ὁ</span> <span class='ocrx_word' id='word_1_54' title='bbox 1607 1265 1702 1327; x_wconf 78' lang='grc' dir='ltr'>μὲν</span> <span class='ocrx_word' id='word_1_55' title='bbox 1741 1263 1852 1326; x_wconf 85' lang='grc' dir='ltr'>λἰην</span> 
     </span>
    </p>

    <p class='ocr_par' dir='ltr' id='par_1_9' title="bbox 582 1349 1869 1417">
     <span class='ocr_line' id='line_1_12' title="bbox 582 1349 1869 1417; baseline -0.002 -14"><span class='ocrx_word' id='word_1_56' title='bbox 582 1351 771 1417; x_wconf 80' lang='grc' dir='ltr'>λεπτός</span> <span class='ocrx_word' id='word_1_57' title='bbox 807 1349 851 1401; x_wconf 77' lang='grc' dir='ltr'>τ’</span> <span class='ocrx_word' id='word_1_58' title='bbox 891 1350 1001 1402; x_wconf 76' lang='grc' dir='ltr'>ἐὼν</span> <span class='ocrx_word' id='word_1_59' title='bbox 1034 1351 1120 1402; x_wconf 82' lang='grc' dir='ltr'>καὶ</span> <span class='ocrx_word' id='word_1_60' title='bbox 1158 1350 1382 1414; x_wconf 85' lang='grc' dir='ltr'>βληχρὸς</span> <span class='ocrx_word' id='word_1_61' title='bbox 1421 1349 1519 1401; x_wconf 80' lang='grc' dir='ltr'>οὐκ</span> <span class='ocrx_word' id='word_1_62' title='bbox 1559 1349 1869 1410; x_wconf 74' lang='grc' dir='ltr'>ἐπεπτώκει,</span> 
     </span>
    </p>

    <p class='ocr_par' dir='ltr' id='par_1_10' title="bbox 592 1435 1553 1499">
     <span class='ocr_line' id='line_1_13' title="bbox 592 1435 1553 1499; baseline -0.003 -11"><span class='ocrx_word' id='word_1_63' title='bbox 592 1436 723 1499; x_wconf 85' lang='grc' dir='ltr'>αὐτὴ</span> <span class='ocrx_word' id='word_1_64' title='bbox 763 1435 809 1488; x_wconf 75' lang='grc' dir='ltr'>δ’</span> <span class='ocrx_word' id='word_1_65' title='bbox 850 1436 1008 1487; x_wconf 82' lang='grc' dir='ltr'>ἐοῦςα</span> <span class='ocrx_word' id='word_1_66' title='bbox 1046 1436 1222 1499; x_wconf 83' lang='grc' dir='ltr'>φηγὸς</span> <span class='ocrx_word' id='word_1_67' title='bbox 1257 1435 1553 1499; x_wconf 78' lang='grc' dir='ltr'>ἐξεριζώθη.</span> 
     </span>
    </p>

    <p class='ocr_par' dir='ltr' id='par_1_11' title="bbox 591 1513 1890 1587">
     <span class='ocr_line' id='line_1_14' title="bbox 591 1513 1890 1587; baseline -0.001 -14"><span class='ocrx_word' id='word_1_68' title='bbox 591 1525 770 1587; x_wconf 83' lang='grc' dir='ltr'>ςοφῶς</span> <span class='ocrx_word' id='word_1_69' title='bbox 808 1523 869 1575; x_wconf 73' lang='grc' dir='ltr'>δὲ</span> <span class='ocrx_word' id='word_1_70' title='bbox 907 1521 1137 1585; x_wconf 84' lang='grc' dir='ltr'>κάλαμος</span> <span class='ocrx_word' id='word_1_71' title='bbox 1176 1520 1316 1573; x_wconf 78' lang='grc' dir='ltr'>εἶπε·</span> <span class='ocrx_word' id='word_1_72' title='bbox 1356 1513 1369 1533; x_wconf 80' lang='lat'><em>‘</em></span> <span class='ocrx_word' id='word_1_73' title='bbox 1383 1522 1546 1584; x_wconf 80' lang='grc' dir='ltr'>μηδὲν</span> <span class='ocrx_word' id='word_1_74' title='bbox 1585 1521 1890 1583; x_wconf 80' lang='grc' dir='ltr'>ἐκπλήςςου.</span> 
     </span>
    </p>

    <p class='ocr_par' dir='ltr' id='par_1_12' title="bbox 583 1607 2303 1760">
     <span class='ocr_line' id='line_1_15' title="bbox 583 1607 2303 1671; baseline -0.001 -13"><span class='ocrx_word' id='word_1_75' title='bbox 583 1608 641 1658; x_wconf 87' lang='grc' dir='ltr'>ςὺ</span> <span class='ocrx_word' id='word_1_76' title='bbox 681 1608 776 1670; x_wconf 76' lang='grc' dir='ltr'>μὲν</span> <span class='ocrx_word' id='word_1_77' title='bbox 813 1608 1077 1671; x_wconf 78' lang='grc' dir='ltr'>μαχομένη</span> <span class='ocrx_word' id='word_1_78' title='bbox 1117 1609 1228 1658; x_wconf 85' lang='grc' dir='ltr'>ταῖς</span> <span class='ocrx_word' id='word_1_79' title='bbox 1266 1609 1458 1658; x_wconf 86' lang='grc' dir='ltr'>πνοαῖς.</span> <span class='ocrx_word' id='word_1_80' title='bbox 1491 1607 1745 1670; x_wconf 80' lang='grc' dir='ltr'>ἑνικήθης,</span> <span class='ocrx_word' id='word_1_81' title='bbox 2252 1622 2303 1658; x_wconf 81' lang='lat'>10</span> 
     </span>
     <span class='ocr_line' id='line_1_16' title="bbox 588 1692 1744 1760; baseline -0.001 -16"><span class='ocrx_word' id='word_1_82' title='bbox 588 1693 731 1756; x_wconf 84' lang='grc' dir='ltr'>ἡμεῖς</span> <span class='ocrx_word' id='word_1_83' title='bbox 768 1694 832 1744; x_wconf 79' lang='grc' dir='ltr'>δὲ</span> <span class='ocrx_word' id='word_1_84' title='bbox 867 1693 1236 1756; x_wconf 77' lang='grc' dir='ltr'>καμπτόμεςθα</span> <span class='ocrx_word' id='word_1_85' title='bbox 1274 1695 1509 1760; x_wconf 80' lang='grc' dir='ltr'>μαλθακῇ</span> <span class='ocrx_word' id='word_1_86' title='bbox 1547 1692 1744 1759; x_wconf 84' lang='grc' dir='ltr'>γνώμῃ,</span> 
     </span>
    </p>

    <p class='ocr_par' dir='ltr' id='par_1_13' title="bbox 589 1777 1714 1844">
     <span class='ocr_line' id='line_1_17' title="bbox 589 1777 1714 1844; baseline -0.002 -14"><span class='ocrx_word' id='word_1_87' title='bbox 589 1778 687 1830; x_wconf 77' lang='grc' dir='ltr'>κᾶν</span> <span class='ocrx_word' id='word_1_88' title='bbox 727 1778 876 1842; x_wconf 88' lang='grc' dir='ltr'>βαιὸν</span> <span class='ocrx_word' id='word_1_89' title='bbox 915 1778 1061 1842; x_wconf 80' lang='grc' dir='ltr'>ἡμῶν</span> <span class='ocrx_word' id='word_1_90' title='bbox 1102 1777 1292 1842; x_wconf 85' lang='grc' dir='ltr'>ἄνεμος</span> <span class='ocrx_word' id='word_1_91' title='bbox 1332 1777 1468 1842; x_wconf 87' lang='grc' dir='ltr'>ἄκρα</span> <span class='ocrx_word' id='word_1_92' title='bbox 1505 1777 1714 1844; x_wconf 78' lang='grc' dir='ltr'>κινήςῃ.’</span> 
     </span>
    </p>

    <p class='ocr_par' dir='ltr' id='par_1_14' title="bbox 661 1863 1960 1931">
     <span class='ocr_line' id='line_1_18' title="bbox 661 1863 1960 1931; baseline 0 -16"><span class='ocrx_word' id='word_1_93' title='bbox 661 1863 914 1931; x_wconf 83' lang='grc' dir='ltr'>[κάλαμος</span> <span class='ocrx_word' id='word_1_94' title='bbox 940 1866 1034 1927; x_wconf 84' lang='grc' dir='ltr'>μὲν</span> <span class='ocrx_word' id='word_1_95' title='bbox 1062 1864 1260 1916; x_wconf 84' lang='grc' dir='ltr'>οὕτως·</span> <span class='ocrx_word' id='word_1_96' title='bbox 1301 1864 1332 1915; x_wconf 87' lang='grc' dir='ltr'>ὁ</span> <span class='ocrx_word' id='word_1_97' title='bbox 1360 1865 1424 1916; x_wconf 79' lang='grc' dir='ltr'>δέ</span> <span class='ocrx_word' id='word_1_98' title='bbox 1444 1881 1502 1925; x_wconf 91' lang='grc' dir='ltr'>γε</span> <span class='ocrx_word' id='word_1_99' title='bbox 1528 1867 1696 1928; x_wconf 86' lang='grc' dir='ltr'>μῦθος</span> <span class='ocrx_word' id='word_1_100' title='bbox 1721 1864 1960 1928; x_wconf 79' lang='grc' dir='ltr'>ἐμφαίνει</span> 
     </span>
    </p>

    <p class='ocr_par' dir='ltr' id='par_1_15' title="bbox 546 1945 1961 2018">
     <span class='ocr_line' id='line_1_19' title="bbox 546 1945 1961 2018; baseline 0 -16"><span class='ocrx_word' id='word_1_101' title='bbox 546 1973 568 2018; x_wconf 61' lang='lat' dir='ltr'>ſs</span> <span class='ocrx_word' id='word_1_102' title='bbox 593 1952 660 2014; x_wconf 86' lang='grc' dir='ltr'>μὴ</span> <span class='ocrx_word' id='word_1_103' title='bbox 700 1953 809 2002; x_wconf 84' lang='grc' dir='ltr'>δεῖν</span> <span class='ocrx_word' id='word_1_104' title='bbox 847 1949 1095 2013; x_wconf 83' lang='grc' dir='ltr'>μάχεςθαι</span> <span class='ocrx_word' id='word_1_105' title='bbox 1133 1952 1243 2002; x_wconf 87' lang='grc' dir='ltr'>τοῖς</span> <span class='ocrx_word' id='word_1_106' title='bbox 1282 1954 1574 2014; x_wconf 81' lang='grc' dir='ltr'>κρατοῦςιν,</span> <span class='ocrx_word' id='word_1_107' title='bbox 1615 1945 1726 2002; x_wconf 79' lang='grc' dir='ltr'>ἀλλ’</span> <span class='ocrx_word' id='word_1_108' title='bbox 1765 1948 1961 2016; x_wconf 85' lang='grc' dir='ltr'>εἴκειν.]</span> 
     </span>
    </p>
   </div>
   <div class='ocr_carea' id='block_1_5' title="bbox 578 2190 2293 3026">
    <p class='ocr_par' dir='ltr' id='par_1_16' title="bbox 594 2190 1942 2256">
     <span class='ocr_line' id='line_1_20' title="bbox 594 2190 1942 2256; baseline 0.001 -13"><span class='ocrx_word' id='word_1_109' title='bbox 594 2192 849 2255; x_wconf 83' lang='grc' dir='ltr'>Δαμάλης</span> <span class='ocrx_word' id='word_1_110' title='bbox 888 2192 943 2243; x_wconf 80' lang='grc' dir='ltr'>ἐν</span> <span class='ocrx_word' id='word_1_111' title='bbox 984 2190 1164 2255; x_wconf 82' lang='grc' dir='ltr'>ἀγροῖς</span> <span class='ocrx_word' id='word_1_112' title='bbox 1205 2190 1418 2255; x_wconf 87' lang='grc' dir='ltr'>ἄφετος,</span> <span class='ocrx_word' id='word_1_113' title='bbox 1459 2190 1672 2256; x_wconf 85' lang='grc' dir='ltr'>ἀτριβὴς</span> <span class='ocrx_word' id='word_1_114' title='bbox 1711 2192 1942 2255; x_wconf 84' lang='grc' dir='ltr'>Ζεύγλης,</span> 
     </span>
    </p>

    <p class='ocr_par' dir='ltr' id='par_1_17' title="bbox 593 2275 1708 2345">
     <span class='ocr_line' id='line_1_21' title="bbox 593 2275 1708 2345; baseline 0 -16"><span class='ocrx_word' id='word_1_115' title='bbox 593 2275 839 2340; x_wconf 85' lang='grc' dir='ltr'>κάμνοντι</span> <span class='ocrx_word' id='word_1_116' title='bbox 877 2278 960 2329; x_wconf 84' lang='grc' dir='ltr'>καὶ</span> <span class='ocrx_word' id='word_1_117' title='bbox 999 2277 1206 2341; x_wconf 91' lang='grc' dir='ltr'>ςύροντι</span> <span class='ocrx_word' id='word_1_118' title='bbox 1244 2278 1340 2340; x_wconf 86' lang='grc' dir='ltr'>τὴν</span> <span class='ocrx_word' id='word_1_119' title='bbox 1378 2277 1492 2329; x_wconf 86' lang='grc' dir='ltr'>ὕνιν</span> <span class='ocrx_word' id='word_1_120' title='bbox 1530 2278 1708 2345; x_wconf 83' lang='grc' dir='ltr'>ταύρῳ</span> 
     </span>
    </p>

    <p class='ocr_par' dir='ltr' id='par_1_18' title="bbox 590 2361 1757 2434">
     <span class='ocr_line' id='line_1_22' title="bbox 590 2361 1757 2434; baseline 0 -20"><span class='ocrx_word' id='word_1_121' title='bbox 590 2361 801 2414; x_wconf 54' lang='grc' dir='ltr'>(τάλαδ</span> <span class='ocrx_word' id='word_1_122' title='bbox 841 2363 1035 2427; x_wconf 82' lang='grc' dir='ltr'>ἐφώνει</span> <span class='ocrx_word' id='word_1_123' title='bbox 1073 2362 1300 2427; x_wconf 78' lang='grc' dir='ltr'>&lt;μόχθον</span> <span class='ocrx_word' id='word_1_124' title='bbox 1339 2362 1458 2434; x_wconf 18' lang='grc' dir='ltr'>οἷον,</span> <span class='ocrx_word' id='word_1_125' title='bbox 1495 2362 1757 2415; x_wconf 76' lang='grc' dir='ltr'>ὀτλεύεις.’</span> 
     </span>
    </p>

    <p class='ocr_par' dir='ltr' id='par_1_19' title="bbox 586 2446 1731 2512">
     <span class='ocr_line' id='line_1_23' title="bbox 586 2446 1731 2512; baseline 0 -13"><span class='ocrx_word' id='word_1_126' title='bbox 586 2447 616 2499; x_wconf 87' lang='grc' dir='ltr'>ὁ</span> <span class='ocrx_word' id='word_1_127' title='bbox 657 2451 781 2512; x_wconf 91' lang='grc' dir='ltr'>βοῦς</span> <span class='ocrx_word' id='word_1_128' title='bbox 820 2446 866 2500; x_wconf 75' lang='grc' dir='ltr'>δ’</span> <span class='ocrx_word' id='word_1_129' title='bbox 905 2448 1045 2510; x_wconf 81' lang='grc' dir='ltr'>ἑςίγα</span> <span class='ocrx_word' id='word_1_130' title='bbox 1083 2448 1365 2512; x_wconf 83' lang='grc' dir='ltr'>χὺπέτεμνε</span> <span class='ocrx_word' id='word_1_131' title='bbox 1404 2450 1499 2511; x_wconf 85' lang='grc' dir='ltr'>τὴν</span> <span class='ocrx_word' id='word_1_132' title='bbox 1538 2449 1731 2512; x_wconf 89' lang='grc' dir='ltr'>χώρην.</span> 
     </span>
    </p>

    <p class='ocr_par' dir='ltr' id='par_1_20' title="bbox 586 2530 1675 2598">
     <span class='ocr_line' id='line_1_24' title="bbox 586 2530 1675 2598; baseline 0.001 -14"><span class='ocrx_word' id='word_1_133' title='bbox 586 2533 697 2585; x_wconf 77' lang='grc' dir='ltr'>ἐπεὶ</span> <span class='ocrx_word' id='word_1_134' title='bbox 736 2532 782 2585; x_wconf 75' lang='grc' dir='ltr'>δ’</span> <span class='ocrx_word' id='word_1_135' title='bbox 819 2531 1037 2596; x_wconf 80' lang='grc' dir='ltr'>ἔμελλον</span> <span class='ocrx_word' id='word_1_136' title='bbox 1076 2530 1296 2598; x_wconf 82' lang='grc' dir='ltr'>ἀγρόται</span> <span class='ocrx_word' id='word_1_137' title='bbox 1334 2534 1474 2585; x_wconf 85' lang='grc' dir='ltr'>θεοῖς</span> <span class='ocrx_word' id='word_1_138' title='bbox 1514 2534 1675 2595; x_wconf 88' lang='grc' dir='ltr'>θύειν,</span> 
     </span>
    </p>

    <p class='ocr_par' dir='ltr' id='par_1_21' title="bbox 591 2617 1874 2683">
     <span class='ocr_line' id='line_1_25' title="bbox 591 2617 1874 2683; baseline 0 -13"><span class='ocrx_word' id='word_1_139' title='bbox 591 2619 622 2670; x_wconf 86' lang='grc' dir='ltr'>ὁ</span> <span class='ocrx_word' id='word_1_140' title='bbox 663 2622 788 2682; x_wconf 90' lang='grc' dir='ltr'>βοῦς</span> <span class='ocrx_word' id='word_1_141' title='bbox 826 2621 920 2683; x_wconf 82' lang='grc' dir='ltr'>μὲν</span> <span class='ocrx_word' id='word_1_142' title='bbox 959 2619 988 2670; x_wconf 87' lang='grc' dir='ltr'>ὁ</span> <span class='ocrx_word' id='word_1_143' title='bbox 1028 2620 1202 2682; x_wconf 84' lang='grc' dir='ltr'>γέρων</span> <span class='ocrx_word' id='word_1_144' title='bbox 1239 2619 1312 2671; x_wconf 86' lang='grc' dir='ltr'>εἰς</span> <span class='ocrx_word' id='word_1_145' title='bbox 1349 2620 1514 2682; x_wconf 88' lang='grc' dir='ltr'>νομὰς</span> <span class='ocrx_word' id='word_1_146' title='bbox 1560 2617 1874 2682; x_wconf 83' lang='grc' dir='ltr'>ἀπεζεύχθη,</span> 
     </span>
    </p>

    <p class='ocr_par' dir='ltr' id='par_1_22' title="bbox 591 2701 1833 2772">
     <span class='ocr_line' id='line_1_26' title="bbox 591 2701 1833 2772; baseline 0 -17"><span class='ocrx_word' id='word_1_147' title='bbox 591 2704 620 2755; x_wconf 89' lang='grc' dir='ltr'>ὁ</span> <span class='ocrx_word' id='word_1_148' title='bbox 661 2706 721 2755; x_wconf 81' lang='grc' dir='ltr'>δὲ</span> <span class='ocrx_word' id='word_1_149' title='bbox 759 2701 951 2767; x_wconf 89' lang='grc' dir='ltr'>μόςχος</span> <span class='ocrx_word' id='word_1_150' title='bbox 989 2704 1156 2767; x_wconf 83' lang='grc' dir='ltr'>ἁδμὴς</span> <span class='ocrx_word' id='word_1_151' title='bbox 1195 2702 1363 2756; x_wconf 84' lang='grc' dir='ltr'>κεῖνος</span> <span class='ocrx_word' id='word_1_152' title='bbox 1402 2702 1603 2756; x_wconf 80' lang='grc' dir='ltr'>εἵλκετο</span> <span class='ocrx_word' id='word_1_153' title='bbox 1645 2704 1833 2772; x_wconf 84' lang='grc' dir='ltr'>ςχοίνῳ</span> 
     </span>
    </p>

    <p class='ocr_par' dir='ltr' id='par_1_23' title="bbox 589 2786 1747 2854">
     <span class='ocr_line' id='line_1_27' title="bbox 589 2786 1747 2854; baseline -0.001 -13"><span class='ocrx_word' id='word_1_154' title='bbox 589 2786 756 2841; x_wconf 81' lang='grc' dir='ltr'>δεθεὶς</span> <span class='ocrx_word' id='word_1_155' title='bbox 795 2789 1002 2853; x_wconf 83' lang='grc' dir='ltr'>κέρατα,</span> <span class='ocrx_word' id='word_1_156' title='bbox 1044 2789 1224 2854; x_wconf 79' lang='grc' dir='ltr'>βωμὸν</span> <span class='ocrx_word' id='word_1_157' title='bbox 1263 2789 1481 2854; x_wconf 85' lang='grc' dir='ltr'>αἵματος</span> <span class='ocrx_word' id='word_1_158' title='bbox 1519 2790 1747 2852; x_wconf 88' lang='grc' dir='ltr'>πλήςων.</span> 
     </span>
    </p>

    <p class='ocr_par' dir='ltr' id='par_1_24' title="bbox 587 2870 2074 2953">
     <span class='ocr_line' id='line_1_28' title="bbox 587 2870 2074 2953; baseline 0.001 -27"><span class='ocrx_word' id='word_1_159' title='bbox 587 2874 825 2927; x_wconf 89' lang='grc' dir='ltr'>κάκεῖνος</span> <span class='ocrx_word' id='word_1_160' title='bbox 865 2875 1009 2943; x_wconf 81' lang='grc' dir='ltr'>αὐτῷ</span> <span class='ocrx_word' id='word_1_161' title='bbox 1050 2872 1216 2927; x_wconf 76' lang='grc' dir='ltr'>τοιάδ’</span> <span class='ocrx_word' id='word_1_162' title='bbox 1255 2870 1367 2928; x_wconf 73' lang='grc' dir='ltr'>εἶπε</span> <span class='ocrx_word' id='word_1_163' title='bbox 1407 2876 1683 2940; x_wconf 77' lang='grc' dir='ltr'>φώνήςας’</span> <span class='ocrx_word' id='word_1_164' title='bbox 2066 2942 2074 2953; x_wconf 45' lang='grc' dir='ltr'><strong><em>Ι</em></strong></span> 
     </span>
    </p>

    <p class='ocr_par' dir='ltr' id='par_1_25' title="bbox 578 2956 2293 3026">
     <span class='ocr_line' id='line_1_29' title="bbox 578 2956 2293 3026; baseline -0.001 -15"><span class='ocrx_word' id='word_1_165' title='bbox 578 2956 680 3012; x_wconf 75' lang='lat' dir='ltr'>‘eit</span> <span class='ocrx_word' id='word_1_166' title='bbox 719 2965 883 3013; x_wconf 85' lang='grc' dir='ltr'>ταῦτα</span> <span class='ocrx_word' id='word_1_167' title='bbox 921 2963 1096 3026; x_wconf 82' lang='grc' dir='ltr'>μέντοι</span> <span class='ocrx_word' id='word_1_168' title='bbox 1135 2964 1204 3025; x_wconf 80' lang='grc' dir='ltr'>μὴ</span> <span class='ocrx_word' id='word_1_169' title='bbox 1242 2965 1424 3014; x_wconf 85' lang='grc' dir='ltr'>πονῶν</span> <span class='ocrx_word' id='word_1_170' title='bbox 1463 2962 1734 3025; x_wconf 78' lang='grc' dir='ltr'>ἐτηρήθης.</span> <span class='ocrx_word' id='word_1_171' title='bbox 2241 2972 2293 3010; x_wconf 86' lang='grc'>10</span> 
     </span>
    </p>
   </div>
   <div class='ocr_carea' id='block_1_6' title="bbox 254 3091 592 3098">
    <p class='ocr_par' dir='ltr' id='par_1_26' title="bbox 254 3091 592 3098">
     <span class='ocr_line' id='line_1_30' title="bbox 254 3091 592 3098; baseline 0 1036"><span class='ocrx_word' id='word_1_172' title='bbox 254 3091 592 3098; x_wconf 95' lang='lat' dir='ltr'> </span> 
     </span>
    </p>
   </div>
   <div class='ocr_carea' id='block_1_7' title="bbox 251 3144 2301 3826">
    <p class='ocr_par' dir='ltr' id='par_1_27' title="bbox 419 3144 1204 3201">
     <span class='ocr_line' id='line_1_31' title="bbox 419 3144 1204 3201; baseline 0.004 -15"><span class='ocrx_word' id='word_1_173' title='bbox 419 3144 561 3201; x_wconf 75' lang='grc'>[7--8]</span> <span class='ocrx_word' id='word_1_174' title='bbox 594 3144 822 3187; x_wconf 80' lang='lat' dir='ltr'><strong>Eberhard</strong></span> <span class='ocrx_word' id='word_1_175' title='bbox 912 3149 937 3187; x_wconf 87' lang='grc'>8</span> <span class='ocrx_word' id='word_1_176' title='bbox 967 3146 1135 3199; x_wconf 83' lang='grc' dir='ltr'>γίγνου</span> <span class='ocrx_word' id='word_1_177' title='bbox 1170 3146 1204 3189; x_wconf 91' lang='grc' dir='ltr'>Α</span> 
     </span>
    </p>

    <p class='ocr_par' dir='ltr' id='par_1_28' title="bbox 251 3199 2301 3654">
     <span class='ocr_line' id='line_1_32' title="bbox 418 3199 2300 3258; baseline -0.002 -12"><span class='ocrx_word' id='word_1_178' title='bbox 418 3200 480 3248; x_wconf 79' lang='lat'>36</span> <span class='ocrx_word' id='word_1_179' title='bbox 511 3203 546 3247; x_wconf 86' lang='grc' dir='ltr'>Α</span> <span class='ocrx_word' id='word_1_180' title='bbox 577 3199 674 3247; x_wconf 76' lang='lat'>829</span> <span class='ocrx_word' id='word_1_181' title='bbox 704 3218 763 3232; x_wconf 92' lang='grc'>-·</span> <span class='ocrx_word' id='word_1_182' title='bbox 798 3207 817 3243; x_wconf 91' lang='grc'>1</span> <span class='ocrx_word' id='word_1_183' title='bbox 852 3203 1133 3258; x_wconf 80' lang='grc' dir='ltr'>αὐτόρριζον</span> <span class='ocrx_word' id='word_1_184' title='bbox 1165 3202 1199 3247; x_wconf 85' lang='grc' dir='ltr'>Α</span> <span class='ocrx_word' id='word_1_185' title='bbox 1326 3205 1437 3244; x_wconf 78' lang='grc'>2-3</span> <span class='ocrx_word' id='word_1_186' title='bbox 1469 3203 1606 3246; x_wconf 79' lang='grc' dir='ltr'>ἔωςε·</span> <span class='ocrx_word' id='word_1_187' title='bbox 1639 3202 1853 3254; x_wconf 84' lang='grc' dir='ltr'>ποταμὸς</span> <span class='ocrx_word' id='word_1_188' title='bbox 1885 3201 1937 3245; x_wconf 85' lang='grc' dir='ltr'>δὲ</span> <span class='ocrx_word' id='word_1_189' title='bbox 1966 3199 2192 3256; x_wconf 81' lang='grc' dir='ltr'>κατέςυρε</span> <span class='ocrx_word' id='word_1_190' title='bbox 2224 3213 2300 3242; x_wconf 85' lang='grc' dir='ltr'>κυ-</span> 
     </span>
     <span class='ocr_line' id='line_1_33' title="bbox 253 3257 2299 3314; baseline -0.001 -13"><span class='ocrx_word' id='word_1_191' title='bbox 253 3258 435 3312; x_wconf 86' lang='grc' dir='ltr'>μαίνων</span> <span class='ocrx_word' id='word_1_192' title='bbox 474 3260 709 3314; x_wconf 81' lang='grc' dir='ltr'>πελώριον</span> <span class='ocrx_word' id='word_1_193' title='bbox 750 3260 967 3313; x_wconf 87' lang='grc' dir='ltr'>φύτευμα</span> <span class='ocrx_word' id='word_1_194' title='bbox 1011 3262 1110 3302; x_wconf 84' lang='grc' dir='ltr'>τῶν</span> <span class='ocrx_word' id='word_1_195' title='bbox 1150 3261 1259 3314; x_wconf 79' lang='grc' dir='ltr'>πρὶν</span> <span class='ocrx_word' id='word_1_196' title='bbox 1301 3259 1584 3314; x_wconf 87' lang='grc' dir='ltr'>ἀνθρώπων.</span> <span class='ocrx_word' id='word_1_197' title='bbox 1628 3258 1681 3313; x_wconf 78' lang='lat' dir='ltr'>G]</span> <span class='ocrx_word' id='word_1_198' title='bbox 1722 3259 1869 3301; x_wconf 83' lang='grc' dir='ltr'>ἔδωκε</span> <span class='ocrx_word' id='word_1_199' title='bbox 1910 3257 2074 3310; x_wconf 80' lang='grc' dir='ltr'>(ἐνῶςε</span> <span class='ocrx_word' id='word_1_200' title='bbox 2113 3257 2299 3310; x_wconf 74' lang='lat' dir='ltr'>Seidler)</span> 
     </span>
     <span class='ocr_line' id='line_1_34' title="bbox 253 3314 2298 3372; baseline -0.002 -13"><span class='ocrx_word' id='word_1_201' title='bbox 253 3320 478 3372; x_wconf 81' lang='grc' dir='ltr'>ποταμῷ·</span> <span class='ocrx_word' id='word_1_202' title='bbox 517 3317 606 3370; x_wconf 81' lang='grc' dir='ltr'>τὴν</span> <span class='ocrx_word' id='word_1_203' title='bbox 648 3316 686 3358; x_wconf 83' lang='grc' dir='ltr'>δ’</span> <span class='ocrx_word' id='word_1_204' title='bbox 718 3317 851 3371; x_wconf 85' lang='grc' dir='ltr'>ἔςυρε</span> <span class='ocrx_word' id='word_1_205' title='bbox 891 3315 1144 3369; x_wconf 83' lang='grc' dir='ltr'>κυμαίνων.</span> <span class='ocrx_word' id='word_1_206' title='bbox 1185 3317 1499 3370; x_wconf 88' lang='grc' dir='ltr'>πελώριον...</span> <span class='ocrx_word' id='word_1_207' title='bbox 1533 3316 1804 3370; x_wconf 82' lang='grc' dir='ltr'>ἀνθρώπων</span> <span class='ocrx_word' id='word_1_208' title='bbox 1845 3314 1882 3359; x_wconf 90' lang='grc' dir='ltr'><strong>Α</strong></span> <span class='ocrx_word' id='word_1_209' title='bbox 1919 3316 2107 3357; x_wconf 83' lang='lat' dir='ltr'><strong>editores</strong></span> <span class='ocrx_word' id='word_1_210' title='bbox 2147 3327 2298 3356; x_wconf 84' lang='lat' dir='ltr'>omnes</span> 
     </span>
     <span class='ocr_line' id='line_1_35' title="bbox 251 3369 2301 3427; baseline -0.001 -13"><span class='ocrx_word' id='word_1_211' title='bbox 251 3379 424 3427; x_wconf 83' lang='lat' dir='ltr'><strong>praeter</strong></span> <span class='ocrx_word' id='word_1_212' title='bbox 443 3375 786 3425; x_wconf 83' lang='lat' dir='ltr'><strong>Lachmannum,</strong></span> <span class='ocrx_word' id='word_1_213' title='bbox 819 3376 894 3427; x_wconf 91' lang='lat' dir='ltr'>qui</span> <span class='ocrx_word' id='word_1_214' title='bbox 914 3389 954 3415; x_wconf 88' lang='lat' dir='ltr'>v.</span> <span class='ocrx_word' id='word_1_215' title='bbox 977 3377 1003 3414; x_wconf 89' lang='lat'><strong>3</strong></span> <span class='ocrx_word' id='word_1_216' title='bbox 1029 3379 1130 3414; x_wconf 79' lang='lat' dir='ltr'><strong>ante</strong></span> <span class='ocrx_word' id='word_1_217' title='bbox 1152 3377 1176 3414; x_wconf 81' lang='lat'>2</span> <span class='ocrx_word' id='word_1_218' title='bbox 1208 3374 1447 3426; x_wconf 78' lang='lat' dir='ltr'>inserebat3</span> <span class='ocrx_word' id='word_1_219' title='bbox 1479 3373 1531 3415; x_wconf 86' lang='grc' dir='ltr'>ἑν</span> <span class='ocrx_word' id='word_1_220' title='bbox 1561 3376 1762 3427; x_wconf 80' lang='grc' dir='ltr'>ποταμῷ</span> <span class='ocrx_word' id='word_1_221' title='bbox 1795 3373 1988 3427; x_wconf 75' lang='grc' dir='ltr'>ἔρριψεν</span> <span class='ocrx_word' id='word_1_222' title='bbox 2019 3369 2052 3416; x_wconf 77' lang='grc' dir='ltr'><strong><em>Β</em></strong></span> <span class='ocrx_word' id='word_1_223' title='bbox 2141 3373 2167 3411; x_wconf 83' lang='grc'>5</span> <span class='ocrx_word' id='word_1_224' title='bbox 2197 3369 2301 3414; x_wconf 74' lang='grc' dir='ltr'>ἐλα-</span> 
     </span>
     <span class='ocr_line' id='line_1_36' title="bbox 252 3427 2297 3485; baseline -0.001 -13"><span class='ocrx_word' id='word_1_225' title='bbox 252 3429 374 3484; x_wconf 86' lang='grc' dir='ltr'>φρὸς</span> <span class='ocrx_word' id='word_1_226' title='bbox 403 3430 673 3485; x_wconf 79' lang='lat' dir='ltr'><strong>Lachmann]</strong></span> <span class='ocrx_word' id='word_1_227' title='bbox 708 3430 918 3485; x_wconf 80' lang='grc' dir='ltr'>ἐλαφρὸν</span> <span class='ocrx_word' id='word_1_228' title='bbox 949 3431 984 3475; x_wconf 88' lang='grc' dir='ltr'><strong>Α</strong></span> <span class='ocrx_word' id='word_1_229' title='bbox 1115 3433 1139 3471; x_wconf 87' lang='grc'>6</span> <span class='ocrx_word' id='word_1_230' title='bbox 1172 3430 1265 3482; x_wconf 89' lang='grc' dir='ltr'>εἶχε</span> <span class='ocrx_word' id='word_1_231' title='bbox 1297 3429 1346 3483; x_wconf 86' lang='grc' dir='ltr'>Α]</span> <span class='ocrx_word' id='word_1_232' title='bbox 1379 3429 1473 3473; x_wconf 84' lang='grc' dir='ltr'>εἷλε</span> <span class='ocrx_word' id='word_1_233' title='bbox 1506 3431 1735 3471; x_wconf 82' lang='lat' dir='ltr'><strong>Eberhard</strong></span> <span class='ocrx_word' id='word_1_234' title='bbox 1867 3431 1891 3470; x_wconf 76' lang='lat'><strong>7</strong></span> <span class='ocrx_word' id='word_1_235' title='bbox 1931 3429 1977 3472; x_wconf 81' lang='grc' dir='ltr'>τ’</span> <span class='ocrx_word' id='word_1_236' title='bbox 2006 3427 2106 3470; x_wconf 76' lang='grc' dir='ltr'>ἐὼν</span> <span class='ocrx_word' id='word_1_237' title='bbox 2139 3427 2297 3482; x_wconf 72' lang='grc' dir='ltr'>Βοίεε.]</span> 
     </span>
     <span class='ocr_line' id='line_1_37' title="bbox 253 3484 2296 3540; baseline 0 -12"><span class='ocrx_word' id='word_1_238' title='bbox 253 3498 306 3528; x_wconf 86' lang='grc' dir='ltr'>τε</span> <span class='ocrx_word' id='word_1_239' title='bbox 338 3499 409 3528; x_wconf 89' lang='grc' dir='ltr'>ων</span> <span class='ocrx_word' id='word_1_240' title='bbox 439 3487 474 3531; x_wconf 81' lang='grc' dir='ltr'><strong>Α</strong></span> <span class='ocrx_word' id='word_1_241' title='bbox 502 3500 573 3530; x_wconf 87' lang='grc' dir='ltr'>τις</span> <span class='ocrx_word' id='word_1_242' title='bbox 606 3488 676 3530; x_wconf 83' lang='grc' dir='ltr'>ὢν</span> <span class='ocrx_word' id='word_1_243' title='bbox 707 3489 877 3529; x_wconf 79' lang='lat' dir='ltr'>Seidler</span> <span class='ocrx_word' id='word_1_244' title='bbox 906 3489 982 3528; x_wconf 76' lang='lat' dir='ltr'><strong>alii</strong></span> <span class='ocrx_word' id='word_1_245' title='bbox 1075 3490 1100 3527; x_wconf 85' lang='lat'>8</span> <span class='ocrx_word' id='word_1_246' title='bbox 1132 3488 1254 3539; x_wconf 83' lang='grc' dir='ltr'>αὕτη</span> <span class='ocrx_word' id='word_1_247' title='bbox 1287 3486 1322 3530; x_wconf 87' lang='grc' dir='ltr'>Α</span> <span class='ocrx_word' id='word_1_248' title='bbox 1403 3488 1442 3529; x_wconf 80' lang='grc' dir='ltr'>δ’</span> <span class='ocrx_word' id='word_1_249' title='bbox 1465 3488 1605 3530; x_wconf 82' lang='grc' dir='ltr'>ἑοῦςα</span> <span class='ocrx_word' id='word_1_250' title='bbox 1638 3486 1691 3540; x_wconf 79' lang='lat' dir='ltr'>G]</span> <span class='ocrx_word' id='word_1_251' title='bbox 1725 3487 1777 3529; x_wconf 83' lang='grc' dir='ltr'>δὲ</span> <span class='ocrx_word' id='word_1_252' title='bbox 1808 3486 1919 3538; x_wconf 85' lang='grc' dir='ltr'>ὁςςὴ</span> <span class='ocrx_word' id='word_1_253' title='bbox 1950 3499 2016 3540; x_wconf 77' lang='lat' dir='ltr'>pt.</span> <span class='ocrx_word' id='word_1_254' title='bbox 2036 3484 2073 3528; x_wconf 82' lang='grc' dir='ltr'><strong>Α</strong></span> <span class='ocrx_word' id='word_1_255' title='bbox 2104 3484 2156 3528; x_wconf 83' lang='grc' dir='ltr'>δὲ</span> <span class='ocrx_word' id='word_1_256' title='bbox 2186 3485 2296 3536; x_wconf 83' lang='grc' dir='ltr'>ὅςςη</span> 
     </span>
     <span class='ocr_line' id='line_1_38' title="bbox 251 3541 2299 3654; baseline 0 -71"><span class='ocrx_word' id='word_1_257' title='bbox 251 3556 337 3654; x_wconf 56' lang='lat' dir='ltr'>fec.</span> <span class='ocrx_word' id='word_1_258' title='bbox 359 3542 395 3586; x_wconf 86' lang='grc' dir='ltr'>Α</span> <span class='ocrx_word' id='word_1_259' title='bbox 426 3543 476 3654; x_wconf 51' lang='lat' dir='ltr'>bf</span> <span class='ocrx_word' id='word_1_260' title='bbox 507 3544 645 3597; x_wconf 87' lang='grc' dir='ltr'>τόςςη</span> <span class='ocrx_word' id='word_1_261' title='bbox 678 3546 821 3586; x_wconf 86' lang='lat' dir='ltr'>Minas</span> <span class='ocrx_word' id='word_1_262' title='bbox 919 3547 944 3585; x_wconf 88' lang='grc'>9</span> <span class='ocrx_word' id='word_1_263' title='bbox 977 3544 1123 3597; x_wconf 88' lang='grc' dir='ltr'>ςοφὸς</span> <span class='ocrx_word' id='word_1_264' title='bbox 1153 3558 1215 3597; x_wconf 82' lang='lat' dir='ltr'>pr.</span> <span class='ocrx_word' id='word_1_265' title='bbox 1244 3544 1278 3587; x_wconf 93' lang='grc' dir='ltr'>Α</span> <span class='ocrx_word' id='word_1_266' title='bbox 1379 3548 1427 3585; x_wconf 89' lang='grc'>11</span> <span class='ocrx_word' id='word_1_267' title='bbox 1461 3543 1769 3595; x_wconf 88' lang='grc' dir='ltr'>καμπτόμεθα</span> <span class='ocrx_word' id='word_1_268' title='bbox 1798 3543 1834 3587; x_wconf 84' lang='grc' dir='ltr'><strong>Α</strong></span> <span class='ocrx_word' id='word_1_269' title='bbox 1924 3544 1977 3583; x_wconf 78' lang='lat'>12</span> <span class='ocrx_word' id='word_1_270' title='bbox 2008 3543 2146 3594; x_wconf 86' lang='grc' dir='ltr'>βαῖον</span> <span class='ocrx_word' id='word_1_271' title='bbox 2176 3555 2238 3594; x_wconf 82' lang='lat' dir='ltr'>pr.</span> <span class='ocrx_word' id='word_1_272' title='bbox 2264 3541 2299 3584; x_wconf 81' lang='grc' dir='ltr'><strong>Α</strong></span> 
     </span>
     <span class='ocr_line' id='line_1_39' title="bbox 275 3600 700 3642; baseline 0.007 -3"><span class='ocrx_word' id='word_1_273' title='bbox 275 3600 444 3640; x_wconf 82' lang='lat'>13--14</span> <span class='ocrx_word' id='word_1_274' title='bbox 491 3602 700 3642; x_wconf 79' lang='lat' dir='ltr'><strong>Duebner</strong></span> 
     </span>
    </p>

    <p class='ocr_par' dir='ltr' id='par_1_29' title="bbox 252 3655 2300 3826">
     <span class='ocr_line' id='line_1_40' title="bbox 421 3655 2300 3711; baseline -0.003 -11"><span class='ocrx_word' id='word_1_275' title='bbox 421 3657 482 3700; x_wconf 78' lang='grc'>37</span> <span class='ocrx_word' id='word_1_276' title='bbox 513 3657 548 3701; x_wconf 84' lang='grc' dir='ltr'><strong>Α</strong></span> <span class='ocrx_word' id='word_1_277' title='bbox 579 3657 649 3702; x_wconf 82' lang='lat'>38</span> <span class='ocrx_word' id='word_1_278' title='bbox 683 3658 855 3709; x_wconf 76' lang='grc' dir='ltr'>(ὅτλοε)</span> <span class='ocrx_word' id='word_1_279' title='bbox 889 3658 987 3701; x_wconf 78' lang='lat'>824</span> <span class='ocrx_word' id='word_1_280' title='bbox 1019 3675 1074 3693; x_wconf 88' lang='lat'><strong><em>=</em></strong></span> <span class='ocrx_word' id='word_1_281' title='bbox 1105 3656 1259 3702; x_wconf 72' lang='lat'>(2174‘2</span> <span class='ocrx_word' id='word_1_282' title='bbox 1292 3656 1382 3700; x_wconf 71' lang='lat'>1²61</span> <span class='ocrx_word' id='word_1_283' title='bbox 1414 3673 1469 3693; x_wconf 87' lang='lat'><strong><em>=</em></strong></span> <span class='ocrx_word' id='word_1_284' title='bbox 1501 3656 1531 3702; x_wconf 77' lang='lat' dir='ltr'>C</span> <span class='ocrx_word' id='word_1_285' title='bbox 1562 3672 1604 3711; x_wconf 84' lang='lat' dir='ltr'>p.</span> <span class='ocrx_word' id='word_1_286' title='bbox 1630 3659 1743 3698; x_wconf 84' lang='lat'>3601</span> <span class='ocrx_word' id='word_1_287' title='bbox 1775 3656 1928 3702; x_wconf 72' lang='lat'><strong>(21741</strong></span> <span class='ocrx_word' id='word_1_288' title='bbox 1961 3661 2004 3697; x_wconf 79' lang='lat' dir='ltr'>et</span> <span class='ocrx_word' id='word_1_289' title='bbox 2033 3669 2075 3708; x_wconf 86' lang='lat' dir='ltr'>p.</span> <span class='ocrx_word' id='word_1_290' title='bbox 2098 3655 2212 3696; x_wconf 78' lang='lat'>3602</span> <span class='ocrx_word' id='word_1_291' title='bbox 2240 3672 2300 3684; x_wconf 87' lang='lat'>·-</span> 
     </span>
     <span class='ocr_line' id='line_1_41' title="bbox 255 3710 2297 3769; baseline 0 -17"><span class='ocrx_word' id='word_1_292' title='bbox 255 3714 275 3751; x_wconf 89' lang='lat'>1</span> <span class='ocrx_word' id='word_1_293' title='bbox 308 3710 517 3766; x_wconf 83' lang='grc' dir='ltr'>δαμάλης</span> <span class='ocrx_word' id='word_1_294' title='bbox 548 3714 764 3769; x_wconf 84' lang='lat' dir='ltr'><strong>Meineke]</strong></span> <span class='ocrx_word' id='word_1_295' title='bbox 798 3713 993 3765; x_wconf 82' lang='grc' dir='ltr'>δάμαλις</span> <span class='ocrx_word' id='word_1_296' title='bbox 1024 3714 1058 3758; x_wconf 92' lang='grc' dir='ltr'>Α</span> <span class='ocrx_word' id='word_1_297' title='bbox 1174 3718 1202 3755; x_wconf 87' lang='grc'>4</span> <span class='ocrx_word' id='word_1_298' title='bbox 1231 3715 1307 3755; x_wconf 78' lang='grc' dir='ltr'>καὶ</span> <span class='ocrx_word' id='word_1_299' title='bbox 1337 3713 1569 3766; x_wconf 82' lang='grc' dir='ltr'>ὑπέτεμνε</span> <span class='ocrx_word' id='word_1_300' title='bbox 1599 3714 1635 3758; x_wconf 88' lang='grc' dir='ltr'><strong>Α</strong></span> <span class='ocrx_word' id='word_1_301' title='bbox 1738 3714 1902 3768; x_wconf 90' lang='grc' dir='ltr'>χώραν</span> <span class='ocrx_word' id='word_1_302' title='bbox 1934 3711 1969 3757; x_wconf 87' lang='grc' dir='ltr'><strong>Α</strong></span> <span class='ocrx_word' id='word_1_303' title='bbox 2087 3713 2112 3752; x_wconf 81' lang='lat'>7</span> <span class='ocrx_word' id='word_1_304' title='bbox 2143 3711 2297 3763; x_wconf 82' lang='grc' dir='ltr'>ἁδμὴς</span> 
     </span>
     <span class='ocr_line' id='line_1_42' title="bbox 252 3767 2183 3826; baseline 0.002 -17"><span class='ocrx_word' id='word_1_305' title='bbox 252 3767 420 3821; x_wconf 86' lang='grc' dir='ltr'>(ἀδμὴς</span> <span class='ocrx_word' id='word_1_306' title='bbox 452 3771 610 3822; x_wconf 87' lang='lat' dir='ltr'>Boiss.)</span> <span class='ocrx_word' id='word_1_307' title='bbox 641 3775 795 3814; x_wconf 84' lang='grc' dir='ltr'>κεῖνος</span> <span class='ocrx_word' id='word_1_308' title='bbox 828 3773 967 3812; x_wconf 86' lang='lat' dir='ltr'>Boiss.</span> <span class='ocrx_word' id='word_1_309' title='bbox 993 3771 1035 3826; x_wconf 84' lang='grc'>1.]</span> <span class='ocrx_word' id='word_1_310' title='bbox 1070 3770 1318 3823; x_wconf 85' lang='grc' dir='ltr'>ἀδμήςκειν</span> <span class='ocrx_word' id='word_1_311' title='bbox 1351 3770 1402 3812; x_wconf 87' lang='grc' dir='ltr'>ὃς</span> <span class='ocrx_word' id='word_1_312' title='bbox 1435 3771 1467 3814; x_wconf 87' lang='grc' dir='ltr'>Α</span> <span class='ocrx_word' id='word_1_313' title='bbox 1574 3773 1627 3810; x_wconf 92' lang='grc'>10</span> <span class='ocrx_word' id='word_1_314' title='bbox 1658 3773 1825 3813; x_wconf 87' lang='grc' dir='ltr'>πονεῖν</span> <span class='ocrx_word' id='word_1_315' title='bbox 1856 3771 1891 3814; x_wconf 82' lang='grc' dir='ltr'>Α</span> <span class='ocrx_word' id='word_1_316' title='bbox 1923 3769 2118 3821; x_wconf 84' lang='grc' dir='ltr'>κάμνων</span> <span class='ocrx_word' id='word_1_317' title='bbox 2150 3768 2183 3812; x_wconf 82' lang='grc' dir='ltr'><strong>Β</strong></span> 
     </span>
    </p>
   </div>
  </div>
 </body>
</html>
