2332 4134
411 532 728 596 Ἅνθρωπος
765 533 929 586 ἵππον
968 532 1092 597 εἶχε.
1159 537 1352 585 τοῦτον
1392 531 1563 584 εἰώθει

411 619 566 670 κενὸν
604 620 895 682 παρέλκειν,
935 619 1159 671 ἐπετίθει
1198 621 1257 671 δὲ
1297 619 1393 669 τὸν
1431 617 1642 681 φόρτον

409 702 519 772 ὄνῳ
557 706 778 769 γέροντι.
818 705 988 756 πολλὰ
1028 708 1315 768 τοιγαροῦν
1353 703 1569 767 κάμνων

414 790 611 842 ἐκεῖνος
651 791 821 842 ἐλθὼν
858 792 994 854 πρὸς
1034 792 1130 842 τὸν
1167 789 1333 842 ἵππον
1373 790 1576 853 ὡμίλει·

412 874 494 927 ςἄν
532 894 618 940 μοι
656 877 872 945 θελήςῃς
912 880 1180 941 ςυλλαβεῑν
1218 894 1264 927 τι
1303 880 1398 928 τοῦ
1439 875 1669 940 φόρτου,
2070 888 2095 925 5

410 962 525 1027 τάχ’
566 964 631 1014 ἂν
668 964 914 1027 γενοίμην
954 968 1112 1032 ςῷος·
1160 963 1203 1015 εἰ
1243 965 1302 1015 δὲ
1344 963 1436 1026 μή,
1481 961 1720 1025 θνήςκω.’

412 1049 442 1101 ὁ
483 1048 529 1101 δ’
566 1044 647 1101 εοὐ
687 1049 974 1112 προάξεις;’
1015 1049 1127 1101 εἶπε
1168 1042 1350 1113 ςμηδὲν
1390 1047 1647 1115 ὀχλήςῃς.’

412 1135 588 1200 εἶρπεν
628 1139 855 1197 ςιωπών,
895 1142 971 1204 τῷ
1013 1136 1163 1204 κόπῳ
1204 1135 1250 1187 δ’
1291 1135 1597 1197 ἀπαυδήςας

411 1223 584 1273 πεςὼν
624 1222 792 1274 ἔκειτο
833 1222 1045 1285 νεκρός,
1087 1221 1158 1273 ὡς
1197 1221 1510 1285 προειρήκει.

410 1309 506 1360 τὸν
543 1307 708 1359 ἵππον
747 1307 843 1359 οὐν
882 1309 1005 1371 παρ>
1046 1308 1210 1359 αὐτὸν
1248 1307 1447 1359 εὐθέως
1487 1307 1671 1370 ςτήςας
2042 1319 2094 1356 10

413 1394 443 1445 ὁ
484 1394 740 1456 δεςπότης
780 1395 863 1445 καὶ
902 1394 1078 1445 πάντα
1116 1395 1211 1445 τὸν
1249 1393 1418 1456 γόμον
1456 1393 1600 1444 λύων

412 1479 492 1531 ἐπ’
529 1480 693 1531 αὐτὸν
734 1481 889 1531 ἐτίθει
927 1482 1020 1543 τὴν
1060 1480 1220 1542 ςάγην
1260 1497 1315 1531 τε
1354 1483 1448 1531 τοῦ
1492 1480 1712 1541 κτήνους

411 1567 494 1618 καὶ
533 1567 627 1629 τὴν
667 1565 843 1629 ὀνείην
882 1567 1274 1635 προςεπέθηκεν
1314 1565 1566 1628 ἐκδείρας.

412 1653 442 1705 ὁ
484 1653 530 1706 δ’
569 1652 730 1705 ἵππος
770 1651 927 1717 <οἴμοι
965 1656 1057 1716 τῆς
1097 1650 1282 1715 κακῆς’
1321 1651 1424 1716 ἔφη
1466 1650 1715 1714 (γνώμησ

410 1738 476 1792 οὗ
515 1740 615 1803 γὰρ
656 1742 924 1803 μεταςχεῖν
964 1739 1148 1802 μικρὸν
1189 1738 1286 1790 οὐκ
1325 1738 1634 1803 ἐβουλήθην,
2048 1751 2097 1788 15

409 1825 552 1878 τοῦτ’
592 1825 723 1876 αὐτό
764 1842 849 1888 μοι
888 1827 993 1876 πᾶν
1036 1825 1349 1877 ἐπιτέθεικεν
1386 1824 1417 1887 ἡ
1458 1822 1636 1888 χρείη.’

409 2085 588 2149 Ἄραψ
628 2084 860 2148 κάμηλον
901 2085 1114 2148 ἀχθίςας
1155 2084 1403 2146 ἐπηρώτα

411 2160 593 2234 πότερ’
634 2169 933 2234 ἀναβαίνειν
971 2173 1169 2234 μᾶλλον
1208 2171 1238 2233 ἣ
1281 2169 1424 2221 κάτω
1466 2168 1659 2232 βαίνειν

414 2256 632 2319 αἱροῑτο.
691 2256 768 2319 χω
807 2256 1037 2320 κάμηλος
1077 2255 1173 2307 οὐκ
1213 2255 1339 2319 ἄτερ
1380 2255 1573 2319 μούςης

412 2340 544 2406 εἶφ’·
583 2336 640 2405 (ἡ
680 2343 780 2406 γὰρ
823 2342 955 2406 ὀρθὴ
991 2346 1103 2394 Ατῶν
1142 2341 1287 2394 ὁδῶν
1328 2339 1670 2403 ἀπεκλείςθη.’

202 2443 260 2496 ‘O
299 2444 457 2506 λόγος
495 2443 709 2495 εὔθετος
748 2444 883 2506 πρὸς
924 2442 1120 2504 ἄνδρας
1160 2442 1594 2506 διεςτραμμένους
1633 2442 1714 2493 καὶ
1754 2443 1846 2505 τῆς
1885 2441 2090 2493 εὐθείας

35 2529 170 2583 ὁδοῦ
210 2530 556 2583 ἐκκλίνοντας.

1046 2659 1083 2716 9

410 2753 607 2811 Ἁλιεύς
645 2777 719 2811 τις
758 2760 953 2811 αὐλοὺς
993 2758 1099 2823 εἶχε
1139 2761 1222 2811 καὶ
1261 2762 1442 2823 ςοφῶς
1482 2759 1652 2821 ηὔλει·

413 2846 495 2897 καὶ
536 2846 599 2908 δή
641 2846 758 2897 ποτ’
799 2844 941 2910 ὄψον
982 2846 1188 2897 ἐλπίςας
1228 2845 1544 2909 ἀμοχθήτως

413 2932 551 2982 πολὺ
589 2932 725 2994 πρὸς
765 2931 940 2983 αὐλῶν
978 2931 1292 2995 ἡδυφωνίην
1331 2931 1485 2994 ἥξειν,

413 3017 476 3068 τὸ
517 3017 727 3068 δίκτυον
767 3018 873 3068 θεὶς
914 3017 1199 3080 ἐτερέτιζεν
1236 3017 1522 3080 εὐμούςως.

415 3103 526 3154 ἐπεὶ
566 3105 626 3155 δὲ
662 3088 848 3167 ’φυςῶν
886 3103 1074 3166 ἔκαμνε
1114 3104 1196 3155 καὶ
1234 3103 1400 3167 μάτην
1439 3103 1597 3166 ηὔλει,
2066 3118 2091 3155 5

414 3190 587 3252 βαλὼν
627 3189 852 3252 ςαγήνην
892 3188 1076 3252 ἔλαβεν
1115 3188 1295 3251 ἰχθύας
1334 3189 1616 3240 πλείςτους.

415 3275 498 3325 ἐπὶ
535 3277 630 3337 γῆς
669 3274 713 3325 δ’
753 3274 881 3326 ἰδὼν
919 3275 1232 3338 ςπαίροντας
1273 3274 1434 3327 ἄλλον
1473 3275 1699 3328 ἀλλοίως

204 3475 232 3518 7
264 3474 299 3519 Α
334 3477 500 3516 12-13
534 3475 669 3528 (ςάγη
704 3481 745 3516 et
775 3473 925 3528 ὀνεία)
955 3475 987 3522 S
1022 3476 1121 3520 812
1161 3494 1219 3504 —
1266 3479 1289 3518 7
1323 3477 1469 3531 μηδὲν
1502 3476 1703 3532 ὸχλήςῃς
1736 3476 1786 3532 G]
1823 3478 1884 3532 μὴ
1918 3478 1958 3520 δ’
1989 3478 2090 3522 ἑνο-

32 3530 206 3587 χλήςῃς
235 3530 271 3575 Α
304 3531 365 3585 μή
399 3531 442 3585 μ’
473 3532 727 3588 ἐνοχλήςῃς
757 3533 1064 3575 Schneidewin
1195 3537 1220 3576 8
1263 3532 1391 3588 εἷρπε
1422 3535 1457 3579 Α
1594 3537 1644 3576 12
1683 3534 1776 3588 τὴν
1807 3534 1959 3590 ςάγην
1989 3535 2024 3580 Α
2055 3534 2087 3581 S

37 3585 205 3642 ὁνεία)]
241 3587 328 3632 τὸν
358 3588 510 3643 γόμον
541 3588 573 3634 8
607 3590 761 3642 (ςάγη)
854 3593 906 3631 13
938 3589 1098 3634 ὀνείαν
1131 3590 1162 3635 8
1256 3594 1306 3632 16
1337 3590 1472 3646 χρεία
1505 3592 1537 3636 Α

207 3646 237 3691 8
267 3645 302 3690 Α
330 3665 389 3675 -·
418 3648 625 3702 epimyth.
657 3649 732 3689 καὶ
763 3650 852 3700 τῆς
884 3646 1087 3701 εὐθείας]
1121 3651 1207 3703 τῆς
1239 3648 1426 3692 εὐθείας
1458 3651 1534 3691 καὶ
1567 3649 1602 3693 Α

206 3703 236 3748 9
267 3702 302 3746 Α
331 3722 390 3732 -
420 3707 444 3746 3
475 3703 778 3758 ἡδυφωνίην]
813 3703 1124 3758 ἡδυφωνείην
1146 3707 1178 3749 Α
1248 3708 1374 3758 ηξειν
1397 3707 1429 3750 Α
1455 3706 1599 3750 ἕλξειν
1619 3707 1850 3749 Eberhard
1937 3709 1964 3748 4
1994 3705 2092 3749 ἐτέ-

38 3772 162 3828 ριζεν
192 3773 228 3818 Α
344 3776 369 3816 5
401 3775 542 3828 ἔκαμε
574 3777 785 3817 Duebner
818 3776 845 3819 L
967 3779 989 3815 7
1024 3774 1346 3830 ἀςπαίροντας
1379 3779 1412 3821 Α
