2332 4134
1123 271 1470 323 „50-

619 418 729 468 ἐπεὶ
766 416 930 467 πόνος
969 415 1182 477 μάταιος
1222 413 1536 476 ἐξανηλώθη.

618 501 853 554 κάκεῖνος
892 501 1127 553 ἐςτέναζε
1165 500 1226 551 τὸ
1267 499 1429 562 ςτόμα
1469 498 1677 561 βρύχων
2255 512 2310 550 45

617 587 774 652 (ὁμοῦ
812 587 911 649 γὰρ
952 585 1115 637 αὐτὸν
1153 586 1297 649 λιμὸς
1335 583 1442 648 εἶχε
1479 585 1563 635 καὶ
1601 584 1772 647 λύπη),

615 672 768 723 πάλιν
806 673 865 722 δὲ
903 673 1126 734 κερδοῦν
1162 671 1358 722 ἳκέτευε
1397 671 1646 734 φωνήςας

619 755 776 807 ἄλλον
813 755 906 807 τιν’
944 756 1115 819 εὑρεῖν
1153 756 1402 818 δεύτερον
1441 755 1603 807 δόλον
1641 755 1817 818 θήρης.

615 841 645 903 ἡ
685 841 730 892 δ)
770 839 881 892 εἶπε
920 842 1160 903 κινήςαςα
1200 841 1446 904 βυςςόθεν
1483 842 1719 904 γνώμην·

618 925 864 988 ζχαλεπὸν
902 927 1137 988 κελεύεις,
1177 925 1323 978 αὖθις
1362 925 1471 977 ἀλλ’
1509 924 1857 989 ύπουργήςω.’
2257 937 2311 976 50

618 1012 699 1063 καὶ
738 1012 800 1075 δὴ
840 1011 949 1063 κατ’
986 1011 1130 1074 ἴχνος
1169 1011 1241 1063 ὡς
1280 1013 1417 1075 ςοφὴ
1458 1011 1600 1062 κύων
1637 1010 1714 1077 ᾔει

617 1098 875 1148 πλέκουςα
913 1098 1096 1160 τέχνας
1133 1098 1217 1148 καὶ
1254 1097 1575 1160 πανουργίας
1614 1095 1796 1158 πάςας,

619 1182 697 1234 ἀεὶ
737 1177 783 1234 δ’
824 1182 1039 1234 ἕκαςτον
1077 1183 1341 1246 ποιμένων
1380 1182 1625 1246 ἐπηρώτα

619 1269 685 1331 μή
725 1269 828 1320 πού
867 1285 941 1319 τις
978 1268 1176 1332 ἔλαφος
1215 1268 1525 1336 ᾐματωμένη
1567 1268 1763 1333 φεύγει.

618 1354 710 1417 τὴν
749 1353 795 1405 δ’
833 1353 905 1405 ὥς
942 1370 1015 1405 τις
1054 1352 1176 1415 εἶδε,
1217 1354 1470 1405 δεικνύων
1508 1354 1574 1405 ἂν
1613 1354 1817 1417 ώδήγει,
2260 1367 2313 1405 55

621 1439 720 1490 ἕως
759 1439 880 1490 ποθ’
919 1439 1070 1503 εὗρεν
1110 1440 1166 1491 ἐν
1204 1440 1459 1507 καταςκίῳ
1499 1441 1656 1506 χώρῳ

618 1524 833 1588 δρόμων
871 1523 1261 1588 ἀναψύχουςαν.
1307 1524 1338 1587 ἡ
1380 1523 1426 1576 δ’
1463 1524 1724 1587 ἀναιδείης

620 1610 794 1676 ὀφρὺν
832 1611 1023 1675 ἔχουςα
1060 1612 1142 1663 καὶ
1181 1612 1424 1675 μέτωπον
1464 1611 1692 1675 εἱςτήκει.

622 1696 825 1760 ἐλάφου
865 1698 925 1748 δὲ
963 1697 1085 1760 φρὶξ
1125 1697 1303 1759 ἐπέςχε
1342 1700 1485 1748 νῶτα
1524 1698 1607 1748 καὶ
1647 1698 1856 1761 κνήμας,

619 1783 747 1844 χολὴ
789 1775 830 1833 δ’
874 1783 1041 1835 ἐπέζει
1081 1782 1311 1844 καρδίην,
1350 1782 1452 1846 ἐφη
1495 1781 1541 1834 δ’
1581 1783 1777 1834 οὕτως·
2262 1792 2316 1831 60

621 1866 713 1934 [(ςὺ
750 1870 846 1919 νῦν
883 1869 1082 1919 διώκεις
1119 1872 1388 1932 πανταχοῦ
1428 1886 1488 1932 με
1528 1870 1611 1920 καὶ
1650 1868 1870 1935 φεύγω]

619 1951 729 2003 ἀλλ’
767 1951 810 2003 ὧ
850 1954 1092 2015 ςτύγημα,
1129 1958 1224 2005 νῦν
1263 1955 1356 2017 μὲν
1395 1953 1511 2017 οὐχὶ
1550 1955 1820 2018 χαιρήςεις,

620 2036 684 2088 ἄν
722 2055 806 2101 μοι
844 2039 1131 2106 προςέλθῃς
1169 2039 1385 2103 κᾶγριόν
1422 2057 1467 2091 τι
1505 2041 1773 2108 τολμήςῃς.

622 2121 810 2174 ἄλλους
849 2122 1139 2178 ἀλωπέκιζε
1177 2127 1301 2177 τοὺς
1340 2125 1670 2189 ἀπειρήτους,

620 2207 808 2260 ἄλλους
847 2211 905 2261 δὲ
946 2214 1162 2273 βαςιλεῑς
1200 2212 1419 2275 αἱρέτιζε
1459 2214 1541 2265 καὶ
1579 2212 1749 2265 ποίει.’
2263 2220 2316 2258 65

620 2297 711 2356 τῆς
749 2293 794 2345 δ’
834 2294 930 2346 οὐκ
969 2296 1195 2360 ἐτρέφθη
1237 2297 1415 2360 θυμός,
1457 2297 1567 2349 ἀλλ’
1605 2298 1910 2362 ὑποβλήδην

619 2376 807 2431 (οὕτως
845 2380 1078 2444 ἀγεννής’
1117 2383 1238 2446 φηςί
1279 2381 1377 2434 εκαὶ
1418 2383 1595 2447 φόβου
1636 2384 1835 2446 πλήρης

619 2464 882 2528 πέφυκας;
922 2466 1066 2517 οὕτω
1105 2468 1228 2518 τοὺς
1267 2468 1454 2532 φίλους
1494 2468 1829 2529 ὑποπτεύεις;

619 2547 648 2599 ὁ
687 2550 781 2612 μὲν
819 2551 954 2601 λέων
994 2567 1070 2602 ςοι
1109 2553 1442 2616 ςυμφέροντα
1484 2553 1753 2616 βουλεύων

617 2633 820 2697 μέλλων
857 2634 901 2685 τ’
940 2636 1154 2699 ἐγείρειν
1191 2640 1282 2699 τῆς
1319 2637 1543 2700 πάροιθε
1582 2638 1804 2701 νωθείης
2265 2647 2316 2686 70

616 2718 841 2783 ἕψαυςεν
880 2721 1032 2782 ὠτός,
1073 2722 1144 2773 ώς
1181 2724 1351 2786 πατὴρ
1393 2722 1764 2786 ἀποθνήςκων·

617 2803 795 2868 ἔμελλε
833 2805 932 2869 γάρ
972 2824 1048 2858 ςοι
1085 2810 1255 2859 πᾶςαν
1296 2808 1515 2871 ἐντολὴν
1556 2809 1757 2870 δώςειν,

617 2890 784 2954 ἀρχὴν
821 2892 1076 2955 τοςαύτην
1114 2896 1225 2944 πῶς
1265 2896 1495 2958 λαβοῦςα
1535 2896 1789 2957 τηρήςεις·

619 2976 676 3026 ςὺ
718 2974 763 3027 δ’
802 2978 899 3040 οὐχ
937 2977 1157 3040 ὑπέςτης
1195 2979 1373 3043 κνίςμα
1413 2980 1587 3042 χειρὸς
1627 2979 1918 3043 ἀρρώςτου,

450 3177 503 3216 45
531 3173 743 3217 ἐςτέναέε
767 3175 797 3217 Β
818 3176 964 3229 Bergk
1050 3178 1104 3216 47
1135 3177 1335 3230 κερδοῡν
1357 3175 1540 3220 ἱκέτευε
1565 3177 1790 3232 Meineke]
1821 3176 1974 3233 κερδὼ
1997 3175 2263 3220 καθικέτευε
2284 3174 2319 3219 Α

281 3234 336 3273 50
368 3232 500 3274 αὖθις
531 3232 678 3285 (supra
707 3233 897 3282 versum)
930 3231 1027 3274 ἀλλ’
1048 3231 1099 3286 Α]
1134 3231 1231 3274 ἀλλ’
1254 3234 1382 3285 ὅμως
1407 3234 1438 3278 Β
1563 3236 1616 3275 55
1650 3235 1708 3277 ἂν
1742 3234 1918 3287 ὡδήγει
1945 3232 2167 3288 Duebner]
2200 3232 2319 3275 ἀνω-

281 3302 414 3355 δήγει
444 3304 477 3346 Α
566 3304 619 3343 57
651 3301 726 3355 ἥδ’
755 3302 788 3346 V
875 3305 929 3342 59
962 3303 1122 3357 ἐπέςχε
1152 3307 1283 3346 νῶτα
1314 3303 1541 3358 Meineke]
1577 3304 1773 3358 ἐπέςχεν
1806 3304 1908 3347 ὦτα
1937 3303 1973 3348 Α
2002 3302 2199 3359 φρίξαςα
2229 3303 2320 3355 τὴν

279 3358 449 3412 χαίτην
485 3361 514 3402 Β
633 3362 687 3400 60
717 3361 830 3412 χολῇ
862 3361 1070 3401 Duebner
1197 3360 1290 3416 [61]
1322 3362 1556 3414 Duebner3
1588 3377 1678 3403 non
1710 3364 1909 3415 exprimit
1939 3361 1972 3404 Β
2073 3374 2127 3413 με
2158 3361 2235 3402 καὶ
2265 3358 2319 3414 Α]

282 3415 325 3467 μ’
356 3417 462 3458 ὅποι
494 3417 545 3459 G.
566 3418 789 3457 Hermann
887 3419 940 3456 63
971 3416 1165 3471 κᾶγριόν
1199 3416 1247 3470 G]
1281 3419 1357 3459 καὶ
1388 3418 1556 3472 γρύξαι
1588 3419 1622 3462 Α
1712 3417 1958 3471 τολμήςεις
1987 3416 2022 3460 Α
2050 3429 2079 3470 η
2110 3420 2157 3458 in
2185 3430 2319 3470 marg.

279 3473 380 3514 add.
403 3487 457 3512 m.
481 3487 541 3526 pr.
631 3475 799 3514 62—63
833 3471 870 3514 ὦ
893 3473 1123 3527 κάθαρμα,
1156 3472 1253 3515 ἀλλ’
1276 3474 1433 3517 οὐκέτι
1460 3475 1663 3530 χειρώςῃ
1693 3486 1774 3528 με·
1803 3473 1844 3517 εἰ
1876 3473 1926 3517 δὲ
1955 3474 2033 3516 καὶ
2061 3473 2321 3527 πληςιάςεις

281 3541 370 3581 μοι,
402 3529 456 3570 οὐ
489 3529 637 3582 Ζήςεις
669 3530 736 3572 ἔτι
770 3530 802 3574 Β
904 3532 959 3570 64
991 3530 1228 3572 ἄλλους
1261 3531 1372 3574 τοὺς
1404 3530 1692 3586 ἀπειρήτους
1725 3533 1865 3573 Cobet
1886 3528 2067 3585 Seidler]
2099 3530 2317 3572 ἄλλοις...

280 3588 383 3627 τοῖς
424 3584 691 3639 ἀπειρήτοις
721 3586 756 3630 Α
794 3586 989 3628 ἄλλους.
1014 3620 1052 3629 ..
1084 3587 1195 3629 τοὺς
1228 3586 1448 3641 ἀπείρους
1482 3590 1514 3632 Β
1646 3591 1700 3629 65
1733 3586 1931 3642 αἱρέτιζε
1961 3587 2103 3629 Cobet
2132 3584 2317 3638 Seidler]

279 3642 519 3696 ὑπερέθιζε
550 3643 583 3686 Α
625 3644 792 3686 ἄλλους
830 3642 951 3686 ποίει
992 3645 1191 3695 βαςιλεῖς
1222 3645 1296 3685 καὶ
1329 3645 1504 3699 ἐρέθιζε
1539 3646 1571 3688 Β
1720 3648 1774 3686 66
1805 3643 2012 3698 ἐτρέφθη
2043 3643 2127 3684 Eix
2154 3640 2318 3698 Bergk]

281 3698 486 3753 ἐτέρφθη
512 3700 543 3741 Α
575 3699 788 3754 ἐτράφθη
822 3701 996 3741 Bekker
1088 3702 1140 3739 69
1174 3701 1417 3751 βουλεύων
1440 3700 1494 3756 Α]
1532 3701 1801 3754 βουλεύςων
1830 3701 1985 3742 Nauck
2014 3699 2184 3753 ἤμελλε
2215 3711 2320 3751 ςυμ-

282 3756 524 3808 βουλεύειν
559 3757 590 3799 Β
709 3760 762 3797 70
793 3772 874 3799 om.
897 3757 929 3801 Β
1017 3755 1240 3810 πάροιθεν
1274 3759 1307 3801 Α
1426 3760 1479 3798 74
1511 3758 1599 3811 οὐχ
1631 3757 1683 3812 Α]
1717 3757 1828 3800 οὐδὲ
1860 3757 1892 3801 Β
