2332 4134
1100 237 1404 288 -4-

578 399 867 467 μελιςταγὲς
904 396 946 451 ς’
982 396 1110 465 οἴνῳ
1147 395 1210 447 τὸ
1248 393 1429 459 κηρίον
1468 391 1626 456 θήςω,

578 489 775 552 πικρῶν
812 486 1011 552 ἰάμβων
1048 481 1239 546 ςκληρά
1276 478 1394 533 κῶλ’
1437 477 1726 542 ἀληθεῡςαι.

1237 637 1269 694 1

578 746 889 809 >Ἀνθρωπος
926 742 1081 807 ἦλθεν
1119 740 1190 794 εἰς
1230 739 1358 805 ὄρος
1398 740 1714 805 κυνηγήςων,

580 830 737 884 τόξου
778 831 932 894 βολῆς
970 827 1236 892 ἔμπειρος·
1275 826 1339 891 ἦν
1378 828 1438 880 δὲ
1474 829 1581 879 τῶν
1620 826 1776 893 ζῴων

579 916 719 981 φυγή
758 931 815 966 τε
850 913 1066 966 πάντων
1103 912 1186 965 καὶ
1228 912 1403 978 φόβου
1443 911 1640 977 δρόμος
1676 911 1900 976 πλήρης·

576 1002 712 1054 λε’ων
749 1002 809 1053 δὲ
845 1003 1037 1052 τοῦτον
1075 997 1422 1062 προύκαλεῖτο
1463 997 1717 1062 θαρςήςας

579 1087 723 1155 αὐτῷ
754 1084 1015 1151 μάχεςθαι.
1055 1076 1266 1149 (μεῖνον’
1304 1082 1417 1136 εἶπε
1459 1083 1538 1149 (μὴ
1577 1081 1777 1135 ςπεῦδε’
2240 1092 2267 1133 5
2330 1127 2332 1149 3

581 1173 862 1237 ἅνθρωπος
901 1170 1043 1240 αὐτῷ
1088 1169 1216 1235 (μηδ’
1255 1169 1527 1238 ἐπελπίςῃς
1564 1169 1703 1238 νίκῃ·

579 1264 654 1326 τῷ
693 1257 736 1311 δ’
778 1257 978 1326 ἀγγέλῳ
1016 1274 1116 1322 μου
1153 1259 1367 1320 πρῶτον
1406 1258 1637 1321 ἐντυχὼν
1672 1256 1859 1326 γνώςῃ,

579 1348 690 1399 πῶς
728 1344 884 1397 οὗτος
921 1344 1020 1409 ἤδη
1059 1343 1265 1408 πικρός·
1309 1343 1473 1414 <ἀλλὰ
1511 1342 1629 1409 κᾶμ’
1666 1342 1788 1413 εἴςῃ,

581 1432 860 1496 ἐπέρχομαι
894 1429 995 1495 γὰρ
1033 1428 1294 1499 καύτός’>.
1334 1429 1446 1483 εἶτα
1483 1431 1681 1485 τοξεύει

578 1518 760 1584 μικρὸν
798 1515 1018 1570 διαςτάς.
1058 1516 1135 1589 χω
1171 1517 1267 1598 μὲν
1294 1517 1476 1598 ὀἰςτᾲς
1515 1516 1750 1582 ἐκρύφθη
2218 1529 2270 1569 10

579 1606 791 1657 λέοντος
829 1603 1008 1667 ὑγραῖς
1045 1602 1281 1667 χολάςιν·
1321 1603 1351 1656 ὁ
1392 1605 1451 1657 δὲ
1490 1604 1626 1657 λέων
1664 1603 1834 1656 δείςας

579 1689 780 1760 ὥρμηςε
810 1687 1030 1755 ,φεύγειν
1071 1687 1124 1741 ἐς
1161 1687 1332 1756 νάπας
1371 1689 1633 1769 ἐρημαίγας.

580 1776 771 1829 τούτου
811 1774 856 1828 δ’
894 1774 1106 1842 ἀλώπηξ
1145 1776 1243 1829 οὐκ
1282 1775 1495 1853 ἄπωθεν
1533 1775 1760 1852 εἱςτήκει.

582 1862 771 1926 ταύτης
809 1862 869 1914 δὲ
907 1851 1112 1926 θαρςεῖν
1149 1862 1234 1915 καὶ
1269 1862 1439 1927 μένειν
1477 1852 1783 1925 κελευούςης

579 1946 663 2018 εοὔ
699 1965 761 2013 με
798 1947 1084 2013 πλανήςεις’
1121 1948 1277 2014 φηςίν
1319 1947 1441 2002 ὀὐδ’
1485 1948 1825 2017 ἑνεδρεύςδεις·
2213 1960 2264 2000 15

582 2033 719 2088 ὅπου
756 2035 855 2099 γὰρ
893 2035 1035 2098 οὕτω
1073 2035 1312 2101 φοβερὸν
1351 2034 1571 2102 ἄγγελον
1608 2035 1811 2115 πέμπει,

580 2122 646 2185 ἢν
683 2120 842 2184 αὐτὸς
879 2122 1028 2191 ἐπιβῇ
1068 2123 1153 2187 μοί
1197 2120 1339 2191 <γε>,
1377 2121 1499 2194 τότε
1535 2121 1583 2174 τί
1617 2120 1869 2187 ποιήςω;’

413 2206 528 2259 Ὅτι
564 2209 643 2260 δεῖ
679 2207 735 2261 ἐκ
765 2210 877 2270 ,τῶν
902 2209 1349 2275 προςφερομένων
1374 2196 1636 2271 γινώςκειν
1657 2208 1756 2273 ,τὴν
1786 2206 2003 2275 ἑκὰςτου
2030 2205 2270 2260 διάθεςιν.

247 2291 330 2343 καὶ
368 2290 447 2345 ὅτι
483 2292 515 2357 ἡ
555 2292 713 2359 ςοφία
749 2298 840 2360 τῆς
872 2295 1149 2366 ,δυνάμεως
1191 2296 1439 2361 διαφέρει.

582 2546 738 2614 Ἀνὴρ
776 2550 1011 2614 γεωργὸς
1049 2548 1330 2619 ἀμπελῶνα
1366 2551 1649 2617 ταφρεύων

582 2635 665 2698 καὶ
701 2636 796 2700 τὴν
828 2635 1073 2693 ,δίκελλαν
1111 2635 1369 2713 ἀπαλέςας
1407 2636 1644 2702 ἀνεζήτει

584 2721 649 2786 μή
686 2738 761 2773 τις
798 2722 1079 2794 παρόντων
1117 2722 1261 2787 τήνδ’
1302 2724 1520 2788 ἔκλεψεν
1558 2722 1837 2788 ἀγροίκων.

583 2806 776 2871 ἠρνεῖθ’
815 2808 1042 2861 ἕκαςτος.
1081 2808 1178 2861 οὐκ
1215 2809 1354 2873 ἔχων
1392 2809 1438 2861 δ’
1477 2809 1507 2861 ὃ
1545 2794 1743 2874 ποιήςει

585 2892 656 2944 εἰς
692 2894 785 2957 τὴν
823 2894 974 2946 πόλιν
1011 2898 1198 2958 κατῆγε
1236 2895 1437 2948 πάντας
1476 2896 1757 2959 ὁρκώςων·
2246 2907 2273 2946 5

585 2980 690 3030 τῶν
724 2980 824 3049 γὰρ
863 2982 998 3032 θεῶν
1036 2984 1245 3033 δοκοῦςι
1282 2982 1406 3034 τοὺς
1443 2983 1538 3046 μὲν
1576 2981 1774 3046 εὐήθεις

585 3062 779 3129 ἀγροὺς
817 3070 1088 3129 κατοικεῖν,
1126 3068 1250 3120 τοὺς
1289 3066 1332 3120 δ’
1376 3068 1615 3134 ἐςωτέρω
1661 3069 1865 3133 τείχους

254 3262 305 3300 18
346 3255 380 3302 c’
411 3255 527 3310 οἴνῳ
569 3254 626 3297 τὸ
665 3253 715 3309 G]
759 3268 827 3297 ςοι
868 3258 937 3310 νῷ
977 3256 1033 3299 τὸ
1073 3255 1108 3300 Α
1140 3268 1206 3298 ςοι
1235 3257 1383 3311 λῷςτε
1413 3258 1622 3299 Duebner
1710 3258 1762 3298 19
1792 3255 1903 3299 κῶλ’
1934 3253 2186 3311 ἀληθεῦςαι
2217 3256 2269 3312 G]

252 3315 444 3369 θηλάςαι
538 3311 745 3370 θηλύνας
778 3311 842 3356 L*

257 3364 262 3374 ’
336 3368 338 3371 ’
418 3370 442 3414 1
525 3367 561 3421 Β
580 3372 735 3411 11—3
756 3372 911 3423 φυγῆς
933 3370 968 3414 Α
1053 3373 1080 3411 4
1100 3372 1275 3413 τοῦτον
1297 3370 1349 3424 Α]
1373 3371 1499 3414 λέων
1522 3371 1573 3414 δὲ
1605 3370 1748 3424 μόνος
1778 3372 2092 3425 προεκαλεῖτο
2122 3369 2274 3414 αὐτὸν

253 3427 557 3529 mma
586 3426 637 3539 ι]
670 3426 2276 3541 &2225405021221‘1822302133&30„„⁶201

253 3498 467 3642 τόςέῗρῦ]
498 3537 543 3581 τί
575 3536 871 3593 ςοιποιητόν
903 3541 999 3583 ἑςτι
1028 3540 1063 3594 Α
1095 3515 1186 3584 “ἰ’δε·
1210 3541 1296 3610 τὸν
1327 3542 1439 3594 ἐμὸν
1471 3542 1685 3595 ἄγγελον,
1716 3539 1813 3589 οἶός
1834 3541 1951 3602 ἑςτι·
1971 3514 2139 3600 meast-231
2155 3539 2276 3585 ’τότε

254 3602 319 3644 ἐπ
362 3610 463 3654 ρχο
478 3594 577 3649 μαί
607 3610 674 3640 ςοι
703 3593 852 3649 κάγώ“
882 3598 915 3651 Β
991 3598 1043 3638 16
1063 3605 1162 3640 πικ
1171 3611 1274 3652 ρον
1295 3600 1503 3642 Duebner
1558 3600 1629 3639 -1‘7
1650 3599 1711 3653 ἢν
1731 3598 1877 3641 αὐτὸς
1893 3598 2034 3658 ,ἐπιβῇ
2051 3595 2136 3658 μοί
2157 3595 2275 3660 (γε),

255 3657 365 3714 τότε
396 3652 441 3710 τί
471 3651 647 3705 ποιήςω
681 3650 731 3707 Β]
762 3656 863 3714 ’πῶς
891 3654 1039 3715 αὐτὸς
1062 3654 1153 3708 ἤδη
1177 3656 1339 3715 πικρός
1371 3655 1592 3710 (φοβερός
1611 3654 2235 3715 Duebner){c†tfj·1†vfflcxw·

257 3715 373 3758 ὅπου
398 3710 488 3764 γὰρ
509 3713 727 3754 τοιοῦτον
749 3711 915 3766 πικρὸν
937 3708 1136 3765 ἄγγελον
1159 3712 1264 3765 ἔχει,
1297 3710 1336 3755 εἰ
1367 3712 1510 3755 αὐτὸς
1531 3712 1699 3770 ἐπέλθῃ
1733 3725 1823 3765 μω,-
1851 3710 1919 3755 ‘1⁴1¹
1929 3711 1987 3754 ἂν
2017 3710 2220 3764 ποιῆς’ω;

422 3767 451 3811 2
480 3765 516 3811 Α
545 3788 602 3797 -
633 3771 657 3810 2
688 3767 899 3831 ἀνεζήτει
930 3766 1081 3821 Halm]
1114 3768 1264 3822 ἐζήτει
1294 3769 1330 3826 Α
1416 3773 1441 3811 3
1471 3769 1555 3826 τις]
1587 3771 1686 3814 τῶν
1716 3770 1752 3815 Α
2229 3767 2254 3795 '³'
