2332 4134
1071 290 1457 342 —110—

594 435 715 505 <ςὺ>
757 436 857 498 γὰρ
896 435 961 497 ἢν
1000 433 1029 484 6
1070 432 1251 495 καιρὸς
1288 431 1381 493 τὴν
1420 430 1573 494 φύςιν
1612 428 1898 497 μεταλλάξῃ

588 521 711 588 ἔλθῃ
749 537 804 572 τε
842 519 977 582 πρὸς
1016 517 1229 580 ἑτέρους
1267 517 1328 568 τὸ
1371 515 1581 580 χρυςίον
1618 518 1796 576 τοῦτο,

592 607 819 659 ἐνταῦθα
857 604 1010 656 πάλιν
1048 602 1142 667 ἔμ’,
1182 600 1319 662 οἶδα,
1358 602 1454 664 τὴν
1490 600 1679 664 Τύχην,
1718 597 1928 667 μέμψῃ’.

421 691 479 745 Ὁ
519 692 675 753 λόγος
714 690 955 750 διδάςκει,
995 687 1075 740 ὅτι
1113 689 1210 751 χρὴ
1249 688 1513 749 γινώςκειν
1549 687 1645 738 τὸν
1682 685 1959 749 εὐεργέτην
1997 684 2080 736 καὶ
2117 684 2291 752 τούτῳ

251 778 464 842 χάριτας
504 775 830 828 ἀποδιδόναι.

596 1044 824 1108 Δηχθείς
862 1061 936 1095 τις
973 1042 1077 1095 ὑπὸ
1118 1041 1276 1094 κυνός
1315 1039 1425 1111 <γ’>
1469 1040 1651 1105 ἰατρὸν
1690 1041 1875 1105 ἐζήτει.

589 1135 664 1198 τῷ
706 1129 751 1182 δ’
792 1128 1025 1192 ἐντυχών
1062 1145 1136 1179 τις
1172 1127 1331 1189 γνούς
1370 1126 1416 1179 θ’
1456 1126 1648 1179 ὁποῖον
1686 1126 1874 1190 ἰχνεύει

592 1214 652 1266 ’ὦ
692 1213 866 1267 οὗτος’
905 1212 1051 1266 εἶπεν
1089 1211 1151 1265 <εἰ
1190 1214 1354 1265 θέλεις
1397 1210 1520 1281 <ςὺ>
1563 1215 1808 1276 ςωθῆναι,

587 1300 751 1364 ἄρτον
789 1299 965 1364 λαβὼν
1003 1301 1200 1362 πληγῆς
1237 1315 1294 1350 τε
1333 1298 1531 1361 λύθρον
1569 1297 1791 1362 ἐκμάξας

596 1383 836 1454 <ἔπειτα>
879 1390 955 1453 τῷ
997 1384 1211 1437 δακόντι
1248 1384 1361 1436 κυνὶ
1399 1386 1589 1449 φαγεῖν
1627 1381 1837 1436 δώςεις’.
2270 1391 2296 1433 5

591 1470 830 1523 κάκεῖνος
869 1468 996 1521 “ἀλλ’
1035 1468 1096 1522 εἷ’
1133 1469 1256 1534 φηςί
1293 1463 1472 1521 ςτοῦτο
1510 1468 1729 1532 ποιήςω,

592 1557 801 1609 πόλεως
839 1557 981 1608 κυςὶν
1021 1557 1144 1608 δέον
1183 1572 1244 1619 με
1282 1557 1403 1606 πᾶςι
1440 1553 1729 1618 δηχθῆνᾶι’.

426 1641 484 1696 Ὁ
523 1645 686 1707 μῦθος
723 1645 879 1706 δηλοῖ
924 1641 1004 1694 ὅτι
1052 1642 1136 1694 καὶ
1173 1645 1279 1694 τῶν
1317 1640 1618 1705 ἀνθρώπων
1644 1639 1695 1692 οἱ
1731 1639 1955 1704 πονηροὶ
1992 1638 2296 1703 εὐεργετού-

258 1747 403 1795 μενοι
440 1732 636 1794 μᾶλλον
674 1729 869 1781 ἀδικεῖν
907 1728 1308 1792 παροξύνονται.

1217 1898 1334 1955 198

598 2014 825 2078 Ἄρκτου
865 2016 1016 2066 δυοῖν
1054 2013 1244 2078 φίλοιςί
1286 2011 1479 2082 <ποτε>
1523 2013 1851 2076 ςυναντώςης

600 2098 630 2151 ὁ
670 2100 765 2163 μὲν
803 2098 875 2151 εἷς
914 2099 1167 2164 φοβηθεὶς
1206 2097 1290 2150 ἐπί
1329 2116 1375 2151 τι
1413 2100 1653 2163 δένδρων
1692 2098 1954 2163 ἐμβαίνων

598 2184 804 2236 ἐνταῦθ’
844 2183 1113 2248 ἐκρύπτετ’
1154 2182 1395 2254 <εύθύς>·
1436 2184 1466 2237 δ
1499 2184 1545 2238 δ’
1585 2185 1765 2249 ἕτερος
1802 2184 2005 2248 μέλλων

601 2306 631 2336 96
711 2306 740 2335 ÷÷
818 2306 847 2335 ’ὶέ
926 2306 955 2336 ÷÷
1033 2307 1062 2336 θί-
1141 2307 1170 2336 ÷÷
1251 2306 1280 2336 ἐξ·
1357 2306 1387 2336 ’λ’-
1464 2306 1494 2335 4(-
1571 2306 1601 2335 -Jt-
1678 2305 1708 2335 ὗε·
1785 2305 1815 2334 -κ-
1893 2304 1924 2334 4(-

597 2393 629 2455 ἡ
669 2392 714 2444 δ’
757 2391 947 2456 ἄρκτος
984 2392 1323 2459 ὑπολαβοῦςα
1358 2393 1549 2457 νεκρὸν
1597 2433 1610 2446 .
1668 2433 1682 2445 .
1738 2432 1752 2445 .

262 2621 327 2664 ὡς
351 2619 676 2675 εὐεργετηθεὶς
692 2619 801 2674 παρ’
819 2618 981 2673 αὐτῆς.
1013 2619 1173 2674 τούτῳ
1193 2620 1254 2663 δὲ
1272 2620 1544 2663 ἐπιςτᾶςα
1566 2620 1596 2673 ἡ
1619 2619 1764 2673 τύχη
1799 2618 2001 2673 φηςίν·
2032 2618 2087 2662 ’ὦ
2111 2618 2252 2663 οὗτο
2267 2628 2304 2669 c,

260 2676 315 2720 τί
345 2680 403 2731 τῇ
435 2680 495 2731 γῇ
527 2676 598 2719 τὰ
640 2676 745 2729 ἐμὰ
786 2677 944 2731 δῶρα
975 2675 1259 2728 πτοςτίθεις,
1300 2676 1417 2732 ἅπερ
1450 2676 1563 2729 ἐγώ
1597 2690 1666 2720 ςοι
1698 2677 1950 2727 δέδωκα,
1980 2675 2299 2720 πλουτίςαι

264 2733 527 2788 βουλομένη
570 2745 658 2803 ςε;ἱ
699 2734 765 2776 ἂν
806 2732 915 2788 γὰρ
955 2734 981 2776 ὁ
1012 2734 1215 2788 καιρὸς
1247 2733 1576 2805 μεταλλάξῃ
1608 2735 1716 2788 τὴν
1748 2734 1924 2806 φύςιν
1951 2733 2030 2776 καὶ
2060 2731 2127 2778 εἰς
2155 2732 2302 2777 ἄλλας

263 2788 694 2901 ἓξὲξῗξωῖοξίῗὲῗῷ
724 2789 1365 2902 {233532223-'222225
1376 2791 1619 2901 2222&
1632 2791 1854 2902 ’ῗῖἦῖἈᾷ
1883 2848 1963 2891 ὑπ’
1984 2790 2302 2909 Γεωρῖόὲῡτῗῗ

256 2905 479 2959 ’γετηθεὶς
521 2904 699 2958 ἔςτεφε.
742 2907 823 2960 τῷ
866 2904 925 2946 δέ
956 2903 1171 2958 ήΤύχη
1205 2905 1482 2948 ἐπιςτᾶςά
1514 2917 1711 2959 φηςιν·
1743 2904 1797 2948 *ὦ
1829 2902 2034 2956 οὗτος’,
2064 2917 2093 2948 τ
2148 2907 2208 2960 τῃ
2230 2859 2302 2960 φῇ

261 2961 339 3005 τὰ
370 2961 475 3013 ἐμὰ
505 2961 664 3016 δῶρα
704 2959 1172 3015 προςανατίθης,
1220 2962 1337 3017 ἅπερ
1381 2962 1493 3015 ἐγώ
1536 2975 1602 3005 ςοι
1634 2962 1868 3006 δέδωκα
1896 2960 2213 3007 πλουτίςαι
2244 2972 2301 3006 ce

268 3017 554 3071 βουλομένης
587 3016 627 3061 εἰ
657 3018 766 3071 γὰρ
799 3018 825 3060 ὁ
856 3018 1062 3073 καιρὸς
1095 3019 1348 3072 μεταβάλοι
1378 3020 1455 3062 καὶ
1484 3019 1603 3074 πρὸς
1635 3020 1711 3063 ἑτέ
1745 3031 1800 3062 ας
1830 3022 1993 3075 χεῖρας
2021 3018 2204 3063 τοῦτό
2235 3030 2305 3063 (οι

262 3075 335 3118 τὸ
373 3073 617 3130 χρυςίον
657 3075 838 3126 ἔλθοι,
880 3074 984 3118 οἷδ’
1023 3075 1097 3118 ὅτι
1135 3079 1399 3129 τηνικαῦτα
1431 3076 1529 3129 ἐμὲ
1560 3077 1668 3130 τὴν
1696 3034 1892 3131 Ἰρύχην
1923 3075 2150 3132 μέμψῃῖ
2181 3074 2212 3121 0
2241 3086 2300 3108 -ὖ-

269 3136 292 3174 1
322 3138 424 3174 rest.
455 3132 736 3173 Eberhardus
882 3134 993 3173 2-8
1022 3137 1123 3176 rest.
1156 3132 1187 3178 Ε
1333 3136 1462 3188 epim.
1496 3134 1524 3179 F

439 3189 524 3234 197
557 3188 656 3233 555
687 3205 741 3226 =
775 3187 866 3242 Cp.
891 3191 974 3230 293
996 3187 1194 3234 c251-2
1223 3190 1335 3245 Aug.
1353 3193 1410 3233 64
1458 3189 1719 3244 Δηχθείς
1749 3203 1836 3235 τις
1865 3190 1977 3234 ὑπὸ
2006 3189 2186 3234 κυνὸς
2216 3189 2303 3233 τὸν

266 3245 517 3299 ἰαςόμενον
547 3247 728 3301 περιῄει
757 3246 931 3298 ζητῶν.
991 3245 1254 3300 ἐντυχὼν
1296 3247 1357 3291 δέ
1395 3260 1482 3292 τις
1520 3247 1654 3304 αὐτῷ
1700 3249 1779 3290 καὶ
1817 3248 1997 3301 γνοὺς
2028 3244 2054 3291 ὃ
2085 3247 2218 3300 ζητεῖ
2247 3244 2302 3289 ”ὧ

265 3301 453 3346 οὗτος’
495 3303 659 3346 εἶπεν
699 3299 752 3345 ἐἰ
794 3302 1015 3346 ςώζεςθαι
1048 3303 1216 3356 βούλει,
1247 3304 1442 3358 λαβὼν
1465 3305 1648 3359 ἄρτον
1679 3306 1758 3347 καὶ
1787 3303 1948 3359 τούτῳ
1979 3303 2036 3347 τὸ
2068 3301 2182 3356 αἷμα
2211 3305 2300 3357 τῆς

264 3361 499 3413 πληγῆς
531 3359 778 3411 ἐκμάξας
808 3362 887 3414 τῷ
914 3360 1162 3403 δακόντι
1191 3362 1320 3404 κυνὶ
1353 3364 1572 3416 φαγεῖν
1604 3359 1775 3406 ἐπίδος.
1807 3359 2304 3413 κάκεῖνοςγελάςας

270 3417 386 3470 ἔφη·
416 3415 549 3459 ‘dn'
580 3414 629 3460 εἰ
659 3417 845 3458 τοῦτο
865 3415 1111 3469 ποιήςω,
1135 3417 1286 3471 δεήςει
1309 3431 1363 3472 με
1384 3418 1476 3462 ὑπὸ
1497 3419 1695 3462 πάντων
1716 3422 1816 3463 τῶν
1837 3418 1889 3462 ἐν
1909 3419 1968 3473 τῇ
1990 3415 2124 3461 πόλει
2143 3418 2304 3460 κυνῶν

267 3472 569 3526 δηχθῆναι.
635 3471 776 3517 (2251
818 3493 877 3502 —
921 3475 1030 3514 1-7
1060 3479 1160 3516 rest.
1195 3474 1226 3520 G
1383 3478 1405 3516 1
1451 3474 1604 3528 ἐζήτει
1648 3476 1760 3530 Aug.
1806 3473 1867 3521 0²
2010 3477 2036 3515 3
2081 3473 2233 3518 Θέλεις
2277 3471 2308 3519 5

269 3531 293 3571 7
327 3529 464 3572 δέον
495 3529 620 3572 ἐςτὶν
650 3529 779 3572 ἵνα..
799 3559 809 3569 .
848 3529 1155 3582 δηχθὴςωμαι
1187 3531 1215 3576 Ρ
1359 3547 1383 3574 ο
1414 3534 1486 3574 im.
1519 3531 1578 3577 cl

437 3585 524 3630 198
552 3587 696 3640 Epim.
729 3586 934 3642 Georgid.
969 3587 1171 3629 Gnomol.
1201 3602 1244 3642 p.
1275 3591 1330 3630 90
1417 3590 1472 3630 57
1502 3605 1558 3626 =
1589 3587 1619 3634 G
1649 3604 1692 3643 p.
1725 3591 1807 3630 386
1848 3584 1879 3633 ὓ
1897 3586 2076 3630 2491·2
2104 3587 2217 3642 Aug.
2248 3585 2304 3629 65

266 3642 495 3684 Eberhard
525 3641 669 3695 (Anal.
700 3644 832 3685 Babr.
863 3657 904 3697 p.
938 3645 1032 3695 190,
1065 3646 1139 3696 26)
1168 3667 1207 3673 -
1238 3644 1341 3688 Δύο
1372 3644 1501 3698 φίλοι
1529 3646 1620 3699 τὴν
1651 3645 1807 3698 αὐτὴν
1838 3641 1954 3688 ὁδὸν
1974 3642 2201 3698 ἐβάδιζον.
2229 3643 2306 3687 καὶ

275 3699 332 3751 δὴ
366 3698 539 3753 ἄρκτου
573 3698 783 3743 αὐτοῖς
805 3700 1154 3753 ςυναντηςάςης
1175 3700 1201 3744 ὁ
1227 3702 1331 3753 μὲν
1354 3701 1434 3746 εἷς
1465 3703 1751 3756 φοβηθεὶς
1781 3699 1871 3745 ἐπί
1899 3713 1961 3744 τι·
1983 3703 2057 3753 (ex
2086 3699 2149 3746 G*
2170 3713 2251 3742 em.
2273 3695 2306 3745 Β

276 3755 351 3797 ἐπὶ
380 3755 437 3797 τὸ
471 3755 515 3807 F)
556 3755 809 3811 δένδρον
850 3756 1029 3809 ἀναβὰς
1069 3757 1240 3812 ἐκρύβη
1283 3758 1334 3801 ἐν
1375 3759 1532 3814 αὐτῷ·
1571 3759 1597 3802 ό
1639 3759 1698 3802 δὲ
1738 3758 1943 3812 ἕτερος
1985 3755 2307 3812 περιγενέςθαι

275 3811 423 3865 αὐτῆς
464 3812 524 3864 μὴ
565 3812 782 3866 δυνηθεὶς
824 3814 966 3866 μόνος
1010 3815 1077 3857 ὡς
1108 3814 1230 3857 εἶδεν
1271 3815 1419 3858 αὑτὸν
1457 3816 1795 3870 κυριευόμενον
1835 3813 1963 3869 παρὰ
1998 3816 2085 3868 τῆς
2130 3813 2306 3870 ἄρκτου
