<?xml version="1.0" encoding="UTF-8"?>
<!DOCTYPE html PUBLIC "-//W3C//DTD XHTML 1.0 Transitional//EN"
    "http://www.w3.org/TR/xhtml1/DTD/xhtml1-transitional.dtd">
<html xmlns="http://www.w3.org/1999/xhtml" xml:lang="en" lang="en">
 <head>
  <title>
</title>
<meta http-equiv="Content-Type" content="text/html;charset=utf-8" />
  <meta name='ocr-system' content='tesseract 3.04.00' />
  <meta name='ocr-capabilities' content='ocr_page ocr_carea ocr_par ocr_line ocrx_word'/>
</head>
<body>
  <div class='ocr_page' id='page_1' title='image "babriifabulae00babruoft_0147.png"; bbox 0 0 2332 4134; ppageno 0'>
   <div class='ocr_carea' id='block_1_1' title="bbox 0 0 30 609">
    <p class='ocr_par' dir='ltr' id='par_1_1' title="bbox 0 0 30 609">
     <span class='ocr_line' id='line_1_1' title="bbox 0 0 30 609; baseline 0 3525"><span class='ocrx_word' id='word_1_1' title='bbox 0 0 30 609; x_wconf 95' lang='lat' dir='ltr'> </span> 
     </span>
    </p>
   </div>
   <div class='ocr_carea' id='block_1_2' title="bbox 886 297 1280 497">
    <p class='ocr_par' dir='ltr' id='par_1_2' title="bbox 886 297 1280 497">
     <span class='ocr_line' id='line_1_2' title="bbox 886 297 1280 351; baseline 0 -1"><span class='ocrx_word' id='word_1_2' title='bbox 886 328 957 336; x_wconf 94' lang='lat'>—</span> <span class='ocrx_word' id='word_1_3' title='bbox 1033 297 1136 351; x_wconf 85' lang='lat'>135</span> <span class='ocrx_word' id='word_1_4' title='bbox 1210 327 1280 336; x_wconf 90' lang='lat'>·-</span> 
     </span>
     <span class='ocr_line' id='line_1_3' title="bbox 1014 439 1146 497; baseline 0 0"><span class='ocrx_word' id='word_1_5' title='bbox 1014 439 1146 497; x_wconf 84' lang='lat'>244</span> 
     </span>
    </p>
   </div>
   <div class='ocr_carea' id='block_1_3' title="bbox 57 539 2112 1550">
    <p class='ocr_par' dir='ltr' id='par_1_3' title="bbox 397 539 1647 608">
     <span class='ocr_line' id='line_1_4' title="bbox 397 539 1647 608; baseline 0.002 -17"><span class='ocrx_word' id='word_1_6' title='bbox 397 539 544 608; x_wconf 82' lang='grc' dir='ltr'>Ὀνῳ</span> <span class='ocrx_word' id='word_1_7' title='bbox 582 556 658 591; x_wconf 89' lang='grc' dir='ltr'>τις</span> <span class='ocrx_word' id='word_1_8' title='bbox 696 539 890 593; x_wconf 88' lang='grc' dir='ltr'>ἐπιθεὶς</span> <span class='ocrx_word' id='word_1_9' title='bbox 929 539 1053 603; x_wconf 84' lang='grc' dir='ltr'>αἶγα</span> <span class='ocrx_word' id='word_1_10' title='bbox 1092 539 1366 605; x_wconf 92' lang='grc' dir='ltr'>πρόβατον</span> <span class='ocrx_word' id='word_1_11' title='bbox 1405 541 1647 606; x_wconf 92' lang='grc' dir='ltr'>δέλφακα</span> 
     </span>
    </p>

    <p class='ocr_par' dir='ltr' id='par_1_4' title="bbox 402 624 1630 692">
     <span class='ocr_line' id='line_1_5' title="bbox 402 624 1630 692; baseline 0.002 -15"><span class='ocrx_word' id='word_1_12' title='bbox 402 625 596 689; x_wconf 88' lang='grc' dir='ltr'>ἤλαυνε</span> <span class='ocrx_word' id='word_1_13' title='bbox 634 625 788 678; x_wconf 83' lang='grc' dir='ltr'>πάντ’</span> <span class='ocrx_word' id='word_1_14' title='bbox 827 624 899 678; x_wconf 89' lang='grc' dir='ltr'>εἰς</span> <span class='ocrx_word' id='word_1_15' title='bbox 939 625 1081 678; x_wconf 88' lang='grc' dir='ltr'>ἄςτυ.</span> <span class='ocrx_word' id='word_1_16' title='bbox 1128 629 1224 678; x_wconf 90' lang='grc' dir='ltr'>τοῦ</span> <span class='ocrx_word' id='word_1_17' title='bbox 1264 628 1325 678; x_wconf 80' lang='grc' dir='ltr'>δὲ</span> <span class='ocrx_word' id='word_1_18' title='bbox 1364 627 1630 692; x_wconf 73' lang='grc' dir='ltr'>δέλφακος</span> 
     </span>
    </p>

    <p class='ocr_par' dir='ltr' id='par_1_5' title="bbox 401 710 1604 776">
     <span class='ocr_line' id='line_1_6' title="bbox 401 710 1604 776; baseline 0.002 -14"><span class='ocrx_word' id='word_1_19' title='bbox 401 711 609 775; x_wconf 89' lang='grc' dir='ltr'>μέγιςτα</span> <span class='ocrx_word' id='word_1_20' title='bbox 648 710 773 775; x_wconf 81' lang='grc' dir='ltr'>παρ’</span> <span class='ocrx_word' id='word_1_21' title='bbox 811 711 941 775; x_wconf 86' lang='grc' dir='ltr'>ὅλην</span> <span class='ocrx_word' id='word_1_22' title='bbox 977 713 1073 776; x_wconf 87' lang='grc' dir='ltr'>τὴν</span> <span class='ocrx_word' id='word_1_23' title='bbox 1112 710 1246 764; x_wconf 89' lang='grc' dir='ltr'>ὁδὸν</span> <span class='ocrx_word' id='word_1_24' title='bbox 1284 712 1604 776; x_wconf 74' lang='grc' dir='ltr'>κεκραγότος</span> 
     </span>
    </p>

    <p class='ocr_par' dir='ltr' id='par_1_6' title="bbox 402 793 1641 866">
     <span class='ocr_line' id='line_1_7' title="bbox 402 793 1641 866; baseline 0.002 -18"><span class='ocrx_word' id='word_1_25' title='bbox 402 797 576 861; x_wconf 88' lang='grc' dir='ltr'>κερδώ</span> <span class='ocrx_word' id='word_1_26' title='bbox 620 794 759 866; x_wconf 91' lang='grc' dir='ltr'>&lt;τις&gt;</span> <span class='ocrx_word' id='word_1_27' title='bbox 803 797 876 849; x_wconf 82' lang='grc' dir='ltr'>ὡς</span> <span class='ocrx_word' id='word_1_28' title='bbox 912 797 1119 861; x_wconf 86' lang='grc' dir='ltr'>ἤκουςε,</span> <span class='ocrx_word' id='word_1_29' title='bbox 1159 796 1261 850; x_wconf 72' lang='grc' dir='ltr'>“διά</span> <span class='ocrx_word' id='word_1_30' title='bbox 1299 797 1364 850; x_wconf 75' lang='grc' dir='ltr'>τῖ’</span> <span class='ocrx_word' id='word_1_31' title='bbox 1401 798 1525 863; x_wconf 87' lang='grc' dir='ltr'>φηςί</span> <span class='ocrx_word' id='word_1_32' title='bbox 1563 793 1641 851; x_wconf 64' lang='grc' dir='ltr'>εςὺ</span> 
     </span>
    </p>

    <p class='ocr_par' dir='ltr' id='par_1_7' title="bbox 398 883 2112 952">
     <span class='ocr_line' id='line_1_8' title="bbox 398 883 2112 952; baseline 0.004 -18"><span class='ocrx_word' id='word_1_33' title='bbox 398 885 602 935; x_wconf 87' lang='grc' dir='ltr'>λοιπῶν</span> <span class='ocrx_word' id='word_1_34' title='bbox 639 883 955 948; x_wconf 83' lang='grc' dir='ltr'>φερομένων</span> <span class='ocrx_word' id='word_1_35' title='bbox 991 883 1202 947; x_wconf 86' lang='grc' dir='ltr'>ἡςύχων</span> <span class='ocrx_word' id='word_1_36' title='bbox 1238 883 1403 948; x_wconf 90' lang='grc' dir='ltr'>μόνος</span> <span class='ocrx_word' id='word_1_37' title='bbox 1442 883 1610 952; x_wconf 80' lang='grc' dir='ltr'>βοᾷς’;</span> <span class='ocrx_word' id='word_1_38' title='bbox 2085 902 2112 940; x_wconf 82' lang='grc'>5</span> 
     </span>
    </p>

    <p class='ocr_par' dir='ltr' id='par_1_8' title="bbox 399 965 1586 1034">
     <span class='ocr_line' id='line_1_9' title="bbox 399 965 1586 1034; baseline 0.002 -14"><span class='ocrx_word' id='word_1_39' title='bbox 399 967 431 1020; x_wconf 87' lang='grc' dir='ltr'>ὁ</span> <span class='ocrx_word' id='word_1_40' title='bbox 471 966 518 1020; x_wconf 81' lang='grc' dir='ltr'>δ’</span> <span class='ocrx_word' id='word_1_41' title='bbox 554 965 756 1030; x_wconf 70' lang='grc' dir='ltr'>“ἐ’γωγε’</span> <span class='ocrx_word' id='word_1_42' title='bbox 793 968 949 1033; x_wconf 87' lang='grc' dir='ltr'>φηςίν</span> <span class='ocrx_word' id='word_1_43' title='bbox 987 966 1068 1020; x_wconf 72' lang='grc' dir='ltr'>εοὐ</span> <span class='ocrx_word' id='word_1_44' title='bbox 1107 968 1274 1033; x_wconf 86' lang='grc' dir='ltr'>μάτην</span> <span class='ocrx_word' id='word_1_45' title='bbox 1313 966 1586 1034; x_wconf 80' lang='grc' dir='ltr'>ὀδύρομαι.</span> 
     </span>
    </p>

    <p class='ocr_par' dir='ltr' id='par_1_9' title="bbox 397 1053 1770 1119">
     <span class='ocr_line' id='line_1_10' title="bbox 397 1053 1770 1119; baseline 0.002 -13"><span class='ocrx_word' id='word_1_46' title='bbox 397 1053 671 1118; x_wconf 86' lang='grc' dir='ltr'>προβάτου</span> <span class='ocrx_word' id='word_1_47' title='bbox 709 1055 805 1118; x_wconf 81' lang='grc' dir='ltr'>μὲν</span> <span class='ocrx_word' id='word_1_48' title='bbox 843 1053 958 1118; x_wconf 83' lang='grc' dir='ltr'>ἔριά</span> <span class='ocrx_word' id='word_1_49' title='bbox 997 1053 1058 1116; x_wconf 79' lang='grc' dir='ltr'>τ’,</span> <span class='ocrx_word' id='word_1_50' title='bbox 1098 1054 1156 1107; x_wconf 84' lang='grc' dir='ltr'>εὗ</span> <span class='ocrx_word' id='word_1_51' title='bbox 1193 1055 1294 1119; x_wconf 88' lang='grc' dir='ltr'>γὰρ</span> <span class='ocrx_word' id='word_1_52' title='bbox 1334 1054 1475 1119; x_wconf 80' lang='grc' dir='ltr'>οἶδα,</span> <span class='ocrx_word' id='word_1_53' title='bbox 1515 1057 1598 1107; x_wconf 86' lang='grc' dir='ltr'>καὶ</span> <span class='ocrx_word' id='word_1_54' title='bbox 1634 1057 1770 1119; x_wconf 86' lang='grc' dir='ltr'>γάλα</span> 
     </span>
    </p>

    <p class='ocr_par' dir='ltr' id='par_1_10' title="bbox 395 1137 1764 1206">
     <span class='ocr_line' id='line_1_11' title="bbox 395 1137 1764 1206; baseline 0.001 -13"><span class='ocrx_word' id='word_1_55' title='bbox 395 1141 765 1204; x_wconf 83' lang='grc' dir='ltr'>παρεχομένου</span> <span class='ocrx_word' id='word_1_56' title='bbox 803 1141 899 1204; x_wconf 78' lang='grc' dir='ltr'>μὲν</span> <span class='ocrx_word' id='word_1_57' title='bbox 938 1140 1193 1204; x_wconf 92' lang='grc' dir='ltr'>δεςπότης</span> <span class='ocrx_word' id='word_1_58' title='bbox 1232 1138 1494 1206; x_wconf 86' lang='grc' dir='ltr'>ἀφέξεται.</span> <span class='ocrx_word' id='word_1_59' title='bbox 1759 1137 1764 1142; x_wconf 71' lang='grc'><strong>’</strong></span> 
     </span>
    </p>

    <p class='ocr_par' dir='ltr' id='par_1_11' title="bbox 398 1225 1682 1293">
     <span class='ocr_line' id='line_1_12' title="bbox 398 1225 1682 1293; baseline 0.001 -14"><span class='ocrx_word' id='word_1_60' title='bbox 398 1227 593 1291; x_wconf 85' lang='grc' dir='ltr'>τυροὺς</span> <span class='ocrx_word' id='word_1_61' title='bbox 632 1227 693 1279; x_wconf 81' lang='grc' dir='ltr'>δὲ</span> <span class='ocrx_word' id='word_1_62' title='bbox 732 1225 798 1278; x_wconf 83' lang='grc' dir='ltr'>δί’</span> <span class='ocrx_word' id='word_1_63' title='bbox 837 1226 1059 1292; x_wconf 82' lang='grc' dir='ltr'>ἐρίφους</span> <span class='ocrx_word' id='word_1_64' title='bbox 1096 1243 1152 1279; x_wconf 91' lang='grc' dir='ltr'>τε</span> <span class='ocrx_word' id='word_1_65' title='bbox 1190 1230 1283 1291; x_wconf 90' lang='grc' dir='ltr'>τῆς</span> <span class='ocrx_word' id='word_1_66' title='bbox 1321 1226 1470 1291; x_wconf 81' lang='grc' dir='ltr'>αἴγης</span> <span class='ocrx_word' id='word_1_67' title='bbox 1509 1227 1682 1293; x_wconf 87' lang='grc' dir='ltr'>ὁμῶς·</span> 
     </span>
    </p>

    <p class='ocr_par' dir='ltr' id='par_1_12' title="bbox 226 1311 2110 1465">
     <span class='ocr_line' id='line_1_13' title="bbox 397 1311 2110 1378; baseline 0.001 -12"><span class='ocrx_word' id='word_1_68' title='bbox 397 1313 488 1378; x_wconf 83' lang='grc' dir='ltr'>ἐμὲ</span> <span class='ocrx_word' id='word_1_69' title='bbox 525 1312 572 1365; x_wconf 83' lang='grc' dir='ltr'>δ’</span> <span class='ocrx_word' id='word_1_70' title='bbox 612 1311 710 1364; x_wconf 86' lang='grc' dir='ltr'>οὐκ</span> <span class='ocrx_word' id='word_1_71' title='bbox 748 1312 942 1375; x_wconf 84' lang='grc' dir='ltr'>ἔχοντα</span> <span class='ocrx_word' id='word_1_72' title='bbox 980 1313 1205 1377; x_wconf 89' lang='grc' dir='ltr'>χρηςτόν</span> <span class='ocrx_word' id='word_1_73' title='bbox 1246 1312 1373 1365; x_wconf 90' lang='grc' dir='ltr'>ἄλλο</span> <span class='ocrx_word' id='word_1_74' title='bbox 1414 1312 1670 1366; x_wconf 60' lang='grc' dir='ltr'>θυςιάςειῖ</span> <span class='ocrx_word' id='word_1_75' title='bbox 2057 1328 2110 1367; x_wconf 87' lang='grc'>10</span> 
     </span>
     <span class='ocr_line' id='line_1_14' title="bbox 226 1396 2108 1465; baseline 0.001 -14"><span class='ocrx_word' id='word_1_76' title='bbox 226 1397 382 1451; x_wconf 85' lang='grc' dir='ltr'>Οὕτω</span> <span class='ocrx_word' id='word_1_77' title='bbox 421 1399 506 1451; x_wconf 89' lang='grc' dir='ltr'>καὶ</span> <span class='ocrx_word' id='word_1_78' title='bbox 542 1400 651 1450; x_wconf 85' lang='grc' dir='ltr'>τῶν</span> <span class='ocrx_word' id='word_1_79' title='bbox 690 1396 994 1462; x_wconf 86' lang='grc' dir='ltr'>ἀνθρώπων</span> <span class='ocrx_word' id='word_1_80' title='bbox 1022 1397 1086 1450; x_wconf 85' lang='grc' dir='ltr'>οὐ</span> <span class='ocrx_word' id='word_1_81' title='bbox 1114 1399 1364 1462; x_wconf 86' lang='grc' dir='ltr'>μεμπτέοι</span> <span class='ocrx_word' id='word_1_82' title='bbox 1403 1398 1525 1451; x_wconf 91' lang='grc' dir='ltr'>εἰςίν</span> <span class='ocrx_word' id='word_1_83' title='bbox 1565 1398 1677 1451; x_wconf 89' lang='grc' dir='ltr'>ὅςοι</span> <span class='ocrx_word' id='word_1_84' title='bbox 1702 1399 1797 1452; x_wconf 85' lang='grc' dir='ltr'>τὰς</span> <span class='ocrx_word' id='word_1_85' title='bbox 1823 1400 2108 1465; x_wconf 87' lang='grc' dir='ltr'>μελλούςας</span> 
     </span>
    </p>

    <p class='ocr_par' dir='ltr' id='par_1_13' title="bbox 57 1481 1168 1550">
     <span class='ocr_line' id='line_1_15' title="bbox 57 1481 1168 1550; baseline 0 -13"><span class='ocrx_word' id='word_1_86' title='bbox 57 1485 423 1550; x_wconf 85' lang='grc' dir='ltr'>προορώμενοι</span> <span class='ocrx_word' id='word_1_87' title='bbox 461 1484 738 1549; x_wconf 89' lang='grc' dir='ltr'>ςυμφοράς</span> <span class='ocrx_word' id='word_1_88' title='bbox 776 1481 1168 1537; x_wconf 87' lang='grc' dir='ltr'>ἀποκλαίονται.</span> 
     </span>
    </p>
   </div>
   <div class='ocr_carea' id='block_1_4' title="bbox 389 1740 2104 2150">
    <p class='ocr_par' dir='ltr' id='par_1_14' title="bbox 389 1740 1396 1807">
     <span class='ocr_line' id='line_1_16' title="bbox 389 1740 1396 1807; baseline 0.001 -13"><span class='ocrx_word' id='word_1_89' title='bbox 389 1740 773 1806; x_wconf 88' lang='grc' dir='ltr'>Ὀρνιθοθήρας</span> <span class='ocrx_word' id='word_1_90' title='bbox 812 1741 1019 1807; x_wconf 89' lang='grc' dir='ltr'>ὀρνέοις</span> <span class='ocrx_word' id='word_1_91' title='bbox 1055 1742 1166 1806; x_wconf 85' lang='grc' dir='ltr'>ἵςτη</span> <span class='ocrx_word' id='word_1_92' title='bbox 1207 1741 1396 1806; x_wconf 90' lang='grc' dir='ltr'>πάγην.</span> 
     </span>
    </p>

    <p class='ocr_par' dir='ltr' id='par_1_15' title="bbox 389 1826 1700 1896">
     <span class='ocr_line' id='line_1_17' title="bbox 389 1826 1700 1896; baseline 0.002 -16"><span class='ocrx_word' id='word_1_93' title='bbox 389 1827 620 1892; x_wconf 87' lang='grc' dir='ltr'>κόρυδος</span> <span class='ocrx_word' id='word_1_94' title='bbox 663 1827 722 1880; x_wconf 60' lang='grc' dir='ltr'>(τί</span> <span class='ocrx_word' id='word_1_95' title='bbox 759 1831 926 1881; x_wconf 89' lang='grc' dir='ltr'>ποιεῖς</span> <span class='ocrx_word' id='word_1_96' title='bbox 941 1828 972 1896; x_wconf 74' lang='lat'>3³</span> <span class='ocrx_word' id='word_1_97' title='bbox 1010 1831 1220 1890; x_wconf 86' lang='grc' dir='ltr'>τοῦτον,</span> <span class='ocrx_word' id='word_1_98' title='bbox 1261 1828 1333 1880; x_wconf 79' lang='grc' dir='ltr'>ὡς</span> <span class='ocrx_word' id='word_1_99' title='bbox 1372 1826 1485 1891; x_wconf 80' lang='grc' dir='ltr'>εἶδ’,</span> <span class='ocrx_word' id='word_1_100' title='bbox 1525 1829 1700 1893; x_wconf 90' lang='grc' dir='ltr'>ἤρετο.</span> 
     </span>
    </p>

    <p class='ocr_par' dir='ltr' id='par_1_16' title="bbox 397 1906 1746 1983">
     <span class='ocr_line' id='line_1_18' title="bbox 397 1906 1746 1983; baseline 0.001 -18"><span class='ocrx_word' id='word_1_101' title='bbox 397 1912 529 1978; x_wconf 87' lang='grc' dir='ltr'>ἁνὴρ</span> <span class='ocrx_word' id='word_1_102' title='bbox 571 1912 618 1966; x_wconf 78' lang='grc' dir='ltr'>δ’</span> <span class='ocrx_word' id='word_1_103' title='bbox 655 1906 932 1983; x_wconf 58' lang='grc' dir='ltr'>(&lt;ἐ’γωγέ&gt;’</span> <span class='ocrx_word' id='word_1_104' title='bbox 971 1914 1096 1979; x_wconf 90' lang='grc' dir='ltr'>φηςί</span> <span class='ocrx_word' id='word_1_105' title='bbox 1128 1909 1332 1983; x_wconf 72' lang='grc' dir='ltr'>“&lt;τινὰ&gt;</span> <span class='ocrx_word' id='word_1_106' title='bbox 1375 1914 1534 1969; x_wconf 86' lang='grc' dir='ltr'>κτίζω</span> <span class='ocrx_word' id='word_1_107' title='bbox 1574 1913 1746 1967; x_wconf 76' lang='grc' dir='ltr'>πόλιν’</span> 
     </span>
    </p>

    <p class='ocr_par' dir='ltr' id='par_1_17' title="bbox 394 1997 1718 2069">
     <span class='ocr_line' id='line_1_19' title="bbox 394 1997 1718 2069; baseline 0.001 -18"><span class='ocrx_word' id='word_1_108' title='bbox 394 1999 479 2051; x_wconf 85' lang='grc' dir='ltr'>καὶ</span> <span class='ocrx_word' id='word_1_109' title='bbox 515 1998 701 2063; x_wconf 90' lang='grc' dir='ltr'>μικρὸν</span> <span class='ocrx_word' id='word_1_110' title='bbox 739 1998 903 2053; x_wconf 85' lang='grc' dir='ltr'>ἀνιὼν</span> <span class='ocrx_word' id='word_1_111' title='bbox 945 1997 1082 2069; x_wconf 84' lang='grc' dir='ltr'>&lt;ὑπό</span> <span class='ocrx_word' id='word_1_112' title='bbox 1117 2017 1165 2051; x_wconf 91' lang='grc' dir='ltr'>τι</span> <span class='ocrx_word' id='word_1_113' title='bbox 1206 1998 1465 2069; x_wconf 89' lang='grc' dir='ltr'>δένδρον&gt;</span> <span class='ocrx_word' id='word_1_114' title='bbox 1509 1999 1718 2064; x_wconf 84' lang='grc' dir='ltr'>ἐκρύβη.</span> 
     </span>
    </p>

    <p class='ocr_par' dir='ltr' id='par_1_18' title="bbox 391 2085 2104 2150">
     <span class='ocr_line' id='line_1_20' title="bbox 391 2085 2104 2150; baseline -0.001 -12"><span class='ocrx_word' id='word_1_115' title='bbox 391 2086 612 2138; x_wconf 90' lang='grc' dir='ltr'>πειςθεὶς</span> <span class='ocrx_word' id='word_1_116' title='bbox 651 2085 828 2138; x_wconf 90' lang='grc' dir='ltr'>δόλοις</span> <span class='ocrx_word' id='word_1_117' title='bbox 865 2088 1128 2150; x_wconf 85' lang='grc' dir='ltr'>προςῆλθε</span> <span class='ocrx_word' id='word_1_118' title='bbox 1165 2086 1396 2150; x_wconf 93' lang='grc' dir='ltr'>κόρυδος</span> <span class='ocrx_word' id='word_1_119' title='bbox 1432 2085 1653 2138; x_wconf 87' lang='grc' dir='ltr'>κέςθίων</span> <span class='ocrx_word' id='word_1_120' title='bbox 2078 2099 2104 2137; x_wconf 89' lang='lat'>5</span> 
     </span>
    </p>
   </div>
   <div class='ocr_carea' id='block_1_5' title="bbox 53 2225 390 2234">
    <p class='ocr_par' dir='ltr' id='par_1_19' title="bbox 53 2225 390 2234">
     <span class='ocr_line' id='line_1_21' title="bbox 53 2225 390 2234; baseline 0 1900"><span class='ocrx_word' id='word_1_121' title='bbox 53 2225 390 2234; x_wconf 95' lang='lat' dir='ltr'> </span> 
     </span>
    </p>
   </div>
   <div class='ocr_carea' id='block_1_6' title="bbox 45 2282 2103 3880">
    <p class='ocr_par' dir='ltr' id='par_1_20' title="bbox 45 2282 2103 3197">
     <span class='ocr_line' id='line_1_22' title="bbox 221 2282 2101 2339; baseline 0.001 -12"><span class='ocrx_word' id='word_1_122' title='bbox 221 2283 321 2327; x_wconf 79' lang='lat'>244</span> <span class='ocrx_word' id='word_1_123' title='bbox 352 2282 381 2327; x_wconf 72' lang='lat' dir='ltr'>f</span> <span class='ocrx_word' id='word_1_124' title='bbox 413 2285 494 2324; x_wconf 91' lang='lat'>131</span> <span class='ocrx_word' id='word_1_125' title='bbox 527 2300 582 2320; x_wconf 92' lang='lat'><strong><em>=</em></strong></span> <span class='ocrx_word' id='word_1_126' title='bbox 614 2282 645 2329; x_wconf 75' lang='lat' dir='ltr'>C</span> <span class='ocrx_word' id='word_1_127' title='bbox 674 2299 717 2337; x_wconf 89' lang='lat' dir='ltr'>p.</span> <span class='ocrx_word' id='word_1_128' title='bbox 749 2287 831 2326; x_wconf 89' lang='grc'>361</span> <span class='ocrx_word' id='word_1_129' title='bbox 865 2283 896 2330; x_wconf 77' lang='lat' dir='ltr'>c</span> <span class='ocrx_word' id='word_1_130' title='bbox 930 2284 1106 2326; x_wconf 78' lang='lat'>1761-2</span> <span class='ocrx_word' id='word_1_131' title='bbox 1136 2285 1249 2339; x_wconf 86' lang='lat' dir='ltr'><strong>Aug.</strong></span> <span class='ocrx_word' id='word_1_132' title='bbox 1283 2286 1367 2325; x_wconf 79' lang='lat'>1⁷4</span> <span class='ocrx_word' id='word_1_133' title='bbox 1404 2284 1554 2338; x_wconf 81' lang='grc' dir='ltr'>Ὄνῳ</span> <span class='ocrx_word' id='word_1_134' title='bbox 1586 2297 1671 2327; x_wconf 91' lang='grc' dir='ltr'>τις</span> <span class='ocrx_word' id='word_1_135' title='bbox 1702 2284 1933 2328; x_wconf 91' lang='grc' dir='ltr'>ἐπιθεὶς</span> <span class='ocrx_word' id='word_1_136' title='bbox 1965 2284 2101 2337; x_wconf 82' lang='grc' dir='ltr'>αἶγα</span> 
     </span>
     <span class='ocr_line' id='line_1_23' title="bbox 50 2339 2103 2396; baseline 0.001 -13"><span class='ocrx_word' id='word_1_137' title='bbox 50 2341 130 2384; x_wconf 81' lang='grc' dir='ltr'>καὶ</span> <span class='ocrx_word' id='word_1_138' title='bbox 170 2340 476 2395; x_wconf 89' lang='grc' dir='ltr'>πρόβατον</span> <span class='ocrx_word' id='word_1_139' title='bbox 516 2341 593 2383; x_wconf 86' lang='grc' dir='ltr'>καὶ</span> <span class='ocrx_word' id='word_1_140' title='bbox 635 2340 898 2394; x_wconf 85' lang='grc' dir='ltr'>δέλφακα</span> <span class='ocrx_word' id='word_1_141' title='bbox 938 2342 1197 2394; x_wconf 87' lang='grc' dir='ltr'>ἤλαυνεν</span> <span class='ocrx_word' id='word_1_142' title='bbox 1240 2339 1322 2385; x_wconf 90' lang='grc' dir='ltr'>εἰς</span> <span class='ocrx_word' id='word_1_143' title='bbox 1363 2340 1512 2385; x_wconf 88' lang='grc' dir='ltr'>ἄςτυ.</span> <span class='ocrx_word' id='word_1_144' title='bbox 1563 2345 1669 2384; x_wconf 86' lang='grc' dir='ltr'>τοῦ</span> <span class='ocrx_word' id='word_1_145' title='bbox 1712 2341 1769 2384; x_wconf 81' lang='grc' dir='ltr'>δὲ</span> <span class='ocrx_word' id='word_1_146' title='bbox 1811 2341 2103 2396; x_wconf 88' lang='grc' dir='ltr'>δέλφακος</span> 
     </span>
     <span class='ocr_line' id='line_1_24' title="bbox 47 2396 2099 2453; baseline 0 -11"><span class='ocrx_word' id='word_1_147' title='bbox 47 2410 124 2442; x_wconf 89' lang='grc' dir='ltr'>πα</span> <span class='ocrx_word' id='word_1_148' title='bbox 173 2396 186 2411; x_wconf 88' lang='lat'>&#39;</span> <span class='ocrx_word' id='word_1_149' title='bbox 224 2398 368 2451; x_wconf 87' lang='grc' dir='ltr'>ὅλην</span> <span class='ocrx_word' id='word_1_150' title='bbox 409 2397 520 2451; x_wconf 91' lang='grc' dir='ltr'>τὴν</span> <span class='ocrx_word' id='word_1_151' title='bbox 559 2398 702 2441; x_wconf 86' lang='grc' dir='ltr'>ὁδὸν</span> <span class='ocrx_word' id='word_1_152' title='bbox 743 2399 1107 2453; x_wconf 87' lang='grc' dir='ltr'>κεκραγότος</span> <span class='ocrx_word' id='word_1_153' title='bbox 1150 2397 1345 2452; x_wconf 81' lang='grc' dir='ltr'>ἀλώπηξ</span> <span class='ocrx_word' id='word_1_154' title='bbox 1384 2397 1620 2442; x_wconf 85' lang='grc' dir='ltr'>ἀκούςαςα</span> <span class='ocrx_word' id='word_1_155' title='bbox 1666 2398 1961 2442; x_wconf 87' lang='grc' dir='ltr'>ἐπυνθάνετο</span> <span class='ocrx_word' id='word_1_156' title='bbox 2008 2401 2099 2453; x_wconf 89' lang='grc' dir='ltr'>τὴν</span> 
     </span>
     <span class='ocr_line' id='line_1_25' title="bbox 49 2453 2100 2512; baseline 0 -14"><span class='ocrx_word' id='word_1_157' title='bbox 49 2453 125 2498; x_wconf 88' lang='grc' dir='ltr'>αἰτ</span> <span class='ocrx_word' id='word_1_158' title='bbox 146 2467 205 2498; x_wconf 90' lang='grc' dir='ltr'>αν</span> <span class='ocrx_word' id='word_1_159' title='bbox 220 2455 348 2510; x_wconf 84' lang='grc' dir='ltr'>(παρ’</span> <span class='ocrx_word' id='word_1_160' title='bbox 365 2454 515 2498; x_wconf 86' lang='grc' dir='ltr'>αὐτοῦ</span> <span class='ocrx_word' id='word_1_161' title='bbox 532 2456 634 2497; x_wconf 85' lang='lat' dir='ltr'><strong>add.</strong></span> <span class='ocrx_word' id='word_1_162' title='bbox 653 2455 715 2507; x_wconf 75' lang='lat' dir='ltr'>f),</span> <span class='ocrx_word' id='word_1_163' title='bbox 733 2456 790 2498; x_wconf 77' lang='grc' dir='ltr'>δι’</span> <span class='ocrx_word' id='word_1_164' title='bbox 813 2456 873 2509; x_wconf 88' lang='grc' dir='ltr'>ἣν</span> <span class='ocrx_word' id='word_1_165' title='bbox 889 2460 991 2498; x_wconf 87' lang='grc' dir='ltr'>τῶν</span> <span class='ocrx_word' id='word_1_166' title='bbox 1008 2457 1224 2499; x_wconf 86' lang='grc' dir='ltr'>λοιπῶν</span> <span class='ocrx_word' id='word_1_167' title='bbox 1241 2455 2100 2512; x_wconf 61' lang='grc' dir='ltr'>ήςυχαζόντων(μεθ’ήςυχίαςῦΑυς.)</span> 
     </span>
     <span class='ocr_line' id='line_1_26' title="bbox 50 2512 2100 2568; baseline 0.001 -13"><span class='ocrx_word' id='word_1_168' title='bbox 50 2512 411 2567; x_wconf 84' lang='grc' dir='ltr'>φερομένων</span> <span class='ocrx_word' id='word_1_169' title='bbox 444 2512 619 2564; x_wconf 91' lang='grc' dir='ltr'>μόνος</span> <span class='ocrx_word' id='word_1_170' title='bbox 652 2512 798 2556; x_wconf 83' lang='grc' dir='ltr'>αὐτὸς</span> <span class='ocrx_word' id='word_1_171' title='bbox 831 2515 947 2568; x_wconf 87' lang='grc' dir='ltr'>βοᾷ.</span> <span class='ocrx_word' id='word_1_172' title='bbox 981 2513 1007 2555; x_wconf 91' lang='grc' dir='ltr'>ὁ</span> <span class='ocrx_word' id='word_1_173' title='bbox 1040 2513 1100 2556; x_wconf 82' lang='grc' dir='ltr'>δέ</span> <span class='ocrx_word' id='word_1_174' title='bbox 1131 2513 1409 2566; x_wconf 83' lang='grc' dir='ltr'>(ὑποτυχὼν</span> <span class='ocrx_word' id='word_1_175' title='bbox 1430 2514 1532 2554; x_wconf 86' lang='lat' dir='ltr'>add.</span> <span class='ocrx_word' id='word_1_176' title='bbox 1552 2513 2100 2568; x_wconf 69' lang='lat' dir='ltr'>Aug.)?3&#39;q&gt;n(1‘mowxfflv</span> 
     </span>
     <span class='ocr_line' id='line_1_27' title="bbox 49 2567 2100 2626; baseline 0.001 -14"><span class='ocrx_word' id='word_1_177' title='bbox 49 2571 102 2614; x_wconf 86' lang='grc' dir='ltr'>δέ</span> <span class='ocrx_word' id='word_1_178' title='bbox 132 2569 264 2612; x_wconf 87' lang='grc' dir='ltr'>εἶπεν</span> <span class='ocrx_word' id='word_1_179' title='bbox 293 2568 368 2622; x_wconf 77' lang='grc'>0)·</span> <span class='ocrx_word' id='word_1_180' title='bbox 396 2567 512 2612; x_wconf 66' lang='grc' dir='ltr'>’ἀλλ’</span> <span class='ocrx_word' id='word_1_181' title='bbox 543 2569 731 2622; x_wconf 78' lang='grc' dir='ltr'>ἔγωγε</span> <span class='ocrx_word' id='word_1_182' title='bbox 763 2570 827 2612; x_wconf 84' lang='grc' dir='ltr'>οὐ</span> <span class='ocrx_word' id='word_1_183' title='bbox 862 2572 1052 2624; x_wconf 89' lang='grc' dir='ltr'>μάτην</span> <span class='ocrx_word' id='word_1_184' title='bbox 1075 2572 1100 2614; x_wconf 87' lang='grc' dir='ltr'>ὀ</span> <span class='ocrx_word' id='word_1_185' title='bbox 1121 2570 1383 2624; x_wconf 87' lang='grc' dir='ltr'>δύρομαι.</span> <span class='ocrx_word' id='word_1_186' title='bbox 1416 2569 1477 2613; x_wconf 81' lang='grc' dir='ltr'>εὖ</span> <span class='ocrx_word' id='word_1_187' title='bbox 1506 2570 1616 2626; x_wconf 89' lang='grc' dir='ltr'>γὰρ</span> <span class='ocrx_word' id='word_1_188' title='bbox 1639 2571 1769 2613; x_wconf 86' lang='grc' dir='ltr'>οἶδα</span> <span class='ocrx_word' id='word_1_189' title='bbox 1790 2571 1914 2622; x_wconf 86' lang='grc' dir='ltr'>(οἶδα</span> <span class='ocrx_word' id='word_1_190' title='bbox 1935 2571 2026 2626; x_wconf 89' lang='grc' dir='ltr'>γὰρ</span> <span class='ocrx_word' id='word_1_191' title='bbox 2051 2571 2100 2622; x_wconf 78' lang='lat' dir='ltr'>C)</span> 
     </span>
     <span class='ocr_line' id='line_1_28' title="bbox 47 2626 2099 2683; baseline -0 -11"><span class='ocrx_word' id='word_1_192' title='bbox 47 2628 122 2672; x_wconf 80' lang='grc' dir='ltr'>ὅτι</span> <span class='ocrx_word' id='word_1_193' title='bbox 152 2628 239 2669; x_wconf 86' lang='grc' dir='ltr'>τοῦ</span> <span class='ocrx_word' id='word_1_194' title='bbox 273 2626 376 2679; x_wconf 86' lang='grc' dir='ltr'>μὲν</span> <span class='ocrx_word' id='word_1_195' title='bbox 406 2626 710 2681; x_wconf 86' lang='grc' dir='ltr'>προβάτου</span> <span class='ocrx_word' id='word_1_196' title='bbox 743 2627 873 2682; x_wconf 86' lang='grc' dir='ltr'>ἐριά</span> <span class='ocrx_word' id='word_1_197' title='bbox 905 2641 967 2671; x_wconf 91' lang='grc' dir='ltr'>τε</span> <span class='ocrx_word' id='word_1_198' title='bbox 1006 2629 1098 2670; x_wconf 85' lang='grc' dir='ltr'>καὶ</span> <span class='ocrx_word' id='word_1_199' title='bbox 1139 2628 1286 2680; x_wconf 89' lang='grc' dir='ltr'>γάλα</span> <span class='ocrx_word' id='word_1_200' title='bbox 1319 2628 1485 2682; x_wconf 90' lang='grc' dir='ltr'>(ἄρνας</span> <span class='ocrx_word' id='word_1_201' title='bbox 1516 2628 1650 2683; x_wconf 84' lang='lat' dir='ltr'>Aug.)</span> <span class='ocrx_word' id='word_1_202' title='bbox 1681 2628 2099 2682; x_wconf 82' lang='grc' dir='ltr'>παρεχομένου</span> 
     </span>
     <span class='ocr_line' id='line_1_29' title="bbox 46 2683 2097 2741; baseline 0.001 -15"><span class='ocrx_word' id='word_1_203' title='bbox 46 2684 75 2729; x_wconf 82' lang='grc'>6</span> <span class='ocrx_word' id='word_1_204' title='bbox 116 2683 407 2737; x_wconf 88' lang='grc' dir='ltr'>δεςπότης</span> <span class='ocrx_word' id='word_1_205' title='bbox 462 2683 747 2737; x_wconf 80' lang='grc' dir='ltr'>ἀφέξεται</span> <span class='ocrx_word' id='word_1_206' title='bbox 795 2684 1040 2738; x_wconf 87' lang='grc' dir='ltr'>(ἀπέχεται</span> <span class='ocrx_word' id='word_1_207' title='bbox 1081 2684 1111 2730; x_wconf 79' lang='lat' dir='ltr'><strong>G</strong></span> <span class='ocrx_word' id='word_1_208' title='bbox 1151 2684 1395 2728; x_wconf 85' lang='grc' dir='ltr'>ἀνθέξεται</span> <span class='ocrx_word' id='word_1_209' title='bbox 1436 2685 1506 2735; x_wconf 74' lang='grc' dir='ltr'>Ρ),</span> <span class='ocrx_word' id='word_1_210' title='bbox 1553 2684 1732 2737; x_wconf 82' lang='grc' dir='ltr'>ὁμοίως</span> <span class='ocrx_word' id='word_1_211' title='bbox 1777 2685 1837 2729; x_wconf 84' lang='grc' dir='ltr'>δὲ</span> <span class='ocrx_word' id='word_1_212' title='bbox 1875 2687 1951 2728; x_wconf 88' lang='grc' dir='ltr'>καὶ</span> <span class='ocrx_word' id='word_1_213' title='bbox 1996 2690 2097 2741; x_wconf 87' lang='grc' dir='ltr'>τῆς</span> 
     </span>
     <span class='ocr_line' id='line_1_30' title="bbox 49 2740 2095 2797; baseline 0 -12"><span class='ocrx_word' id='word_1_214' title='bbox 49 2740 218 2794; x_wconf 83' lang='grc' dir='ltr'>αἰγὸς</span> <span class='ocrx_word' id='word_1_215' title='bbox 247 2740 344 2783; x_wconf 87' lang='grc' dir='ltr'>διὰ</span> <span class='ocrx_word' id='word_1_216' title='bbox 374 2741 488 2784; x_wconf 87' lang='grc' dir='ltr'>τοὺς</span> <span class='ocrx_word' id='word_1_217' title='bbox 519 2742 737 2796; x_wconf 90' lang='grc' dir='ltr'>τυροὺς</span> <span class='ocrx_word' id='word_1_218' title='bbox 757 2744 835 2785; x_wconf 81' lang='grc' dir='ltr'>καὶ</span> <span class='ocrx_word' id='word_1_219' title='bbox 856 2743 972 2785; x_wconf 86' lang='grc' dir='ltr'>τοὺς</span> <span class='ocrx_word' id='word_1_220' title='bbox 1005 2740 1271 2797; x_wconf 84' lang='grc' dir='ltr'>ἐρίφους·</span> <span class='ocrx_word' id='word_1_221' title='bbox 1303 2742 1419 2794; x_wconf 90' lang='grc' dir='ltr'>ἐμοῦ</span> <span class='ocrx_word' id='word_1_222' title='bbox 1454 2742 1513 2784; x_wconf 83' lang='grc' dir='ltr'>δὲ</span> <span class='ocrx_word' id='word_1_223' title='bbox 1546 2742 1652 2785; x_wconf 85' lang='grc' dir='ltr'>οὐκ</span> <span class='ocrx_word' id='word_1_224' title='bbox 1682 2743 1931 2796; x_wconf 80' lang='grc' dir='ltr'>ἔχοντος</span> <span class='ocrx_word' id='word_1_225' title='bbox 1954 2743 2095 2787; x_wconf 85' lang='grc' dir='ltr'>ἄλλο</span> 
     </span>
     <span class='ocr_line' id='line_1_31' title="bbox 46 2798 2094 2854; baseline 0 -11"><span class='ocrx_word' id='word_1_226' title='bbox 46 2812 92 2843; x_wconf 84' lang='grc' dir='ltr'>τι</span> <span class='ocrx_word' id='word_1_227' title='bbox 130 2798 388 2854; x_wconf 87' lang='grc' dir='ltr'>χρηςτὸν</span> <span class='ocrx_word' id='word_1_228' title='bbox 436 2798 557 2851; x_wconf 79' lang='grc' dir='ltr'>(ἐμοὶ</span> <span class='ocrx_word' id='word_1_229' title='bbox 597 2799 648 2843; x_wconf 84' lang='grc' dir='ltr'>δὲ</span> <span class='ocrx_word' id='word_1_230' title='bbox 686 2799 773 2842; x_wconf 84' lang='grc' dir='ltr'>οὐκ</span> <span class='ocrx_word' id='word_1_231' title='bbox 813 2800 938 2852; x_wconf 82' lang='grc' dir='ltr'>ἔχων</span> <span class='ocrx_word' id='word_1_232' title='bbox 981 2798 1045 2843; x_wconf 87' lang='grc' dir='ltr'>εἰς</span> <span class='ocrx_word' id='word_1_233' title='bbox 1078 2800 1191 2842; x_wconf 88' lang='grc' dir='ltr'>ἄλλο</span> <span class='ocrx_word' id='word_1_234' title='bbox 1223 2813 1269 2842; x_wconf 94' lang='grc' dir='ltr'>τι</span> <span class='ocrx_word' id='word_1_235' title='bbox 1298 2798 1555 2853; x_wconf 90' lang='grc' dir='ltr'>χρήςαςθαι</span> <span class='ocrx_word' id='word_1_236' title='bbox 1588 2799 1619 2844; x_wconf 76' lang='lat' dir='ltr'><strong>G</strong></span> <span class='ocrx_word' id='word_1_237' title='bbox 1647 2801 1781 2854; x_wconf 87' lang='lat' dir='ltr'>Aug.)</span> <span class='ocrx_word' id='word_1_238' title='bbox 1812 2799 2007 2844; x_wconf 86' lang='grc' dir='ltr'>πάντως</span> <span class='ocrx_word' id='word_1_239' title='bbox 2040 2814 2094 2853; x_wconf 91' lang='grc' dir='ltr'>με</span> 
     </span>
     <span class='ocr_line' id='line_1_32' title="bbox 45 2854 2096 2912; baseline 0.001 -13"><span class='ocrx_word' id='word_1_240' title='bbox 45 2856 178 2900; x_wconf 83' lang='grc' dir='ltr'>θύςει</span> <span class='ocrx_word' id='word_1_241' title='bbox 215 2854 415 2908; x_wconf 74' lang='grc' dir='ltr'>(θύςειεν</span> <span class='ocrx_word' id='word_1_242' title='bbox 445 2859 556 2910; x_wconf 86' lang='lat' dir='ltr'>Aug.</span> <span class='ocrx_word' id='word_1_243' title='bbox 588 2856 741 2900; x_wconf 88' lang='grc' dir='ltr'>θύςειν</span> <span class='ocrx_word' id='word_1_244' title='bbox 775 2858 995 2910; x_wconf 85' lang='grc' dir='ltr'>βούλεται</span> <span class='ocrx_word' id='word_1_245' title='bbox 1027 2857 1101 2909; x_wconf 69' lang='grc' dir='ltr'>ΡΥ.</span> <span class='ocrx_word' id='word_1_246' title='bbox 1135 2856 1238 2902; x_wconf 73' lang='lat' dir='ltr'>fel</span> <span class='ocrx_word' id='word_1_247' title='bbox 1263 2858 1374 2910; x_wconf 83' lang='lat' dir='ltr'>Aug.</span> <span class='ocrx_word' id='word_1_248' title='bbox 1490 2856 1562 2899; x_wconf 80' lang='grc' dir='ltr'>Ἐξ</span> <span class='ocrx_word' id='word_1_249' title='bbox 1594 2856 1743 2912; x_wconf 83' lang='grc' dir='ltr'>ἀγροῦ</span> <span class='ocrx_word' id='word_1_250' title='bbox 1775 2870 1864 2900; x_wconf 90' lang='grc' dir='ltr'>τις</span> <span class='ocrx_word' id='word_1_251' title='bbox 1895 2858 2096 2912; x_wconf 86' lang='grc' dir='ltr'>ἦγρευςε</span> 
     </span>
     <span class='ocr_line' id='line_1_33' title="bbox 47 2912 2095 2968; baseline 0.001 -12"><span class='ocrx_word' id='word_1_252' title='bbox 47 2916 145 2963; x_wconf 86' lang='grc' dir='ltr'>ςῦν,</span> <span class='ocrx_word' id='word_1_253' title='bbox 177 2912 287 2965; x_wconf 83' lang='grc' dir='ltr'>αἶγα</span> <span class='ocrx_word' id='word_1_254' title='bbox 318 2914 395 2955; x_wconf 84' lang='grc' dir='ltr'>καί</span> <span class='ocrx_word' id='word_1_255' title='bbox 425 2914 747 2968; x_wconf 90' lang='grc' dir='ltr'>πρόβατον·</span> <span class='ocrx_word' id='word_1_256' title='bbox 780 2914 891 2957; x_wconf 86' lang='grc' dir='ltr'>ὄνος</span> <span class='ocrx_word' id='word_1_257' title='bbox 913 2914 964 2957; x_wconf 87' lang='grc' dir='ltr'>δέ</span> <span class='ocrx_word' id='word_1_258' title='bbox 994 2914 1190 2957; x_wconf 91' lang='grc' dir='ltr'>πάντα</span> <span class='ocrx_word' id='word_1_259' title='bbox 1223 2914 1339 2968; x_wconf 83' lang='grc' dir='ltr'>ἦγεν</span> <span class='ocrx_word' id='word_1_260' title='bbox 1373 2912 1456 2956; x_wconf 90' lang='grc' dir='ltr'>εἰς</span> <span class='ocrx_word' id='word_1_261' title='bbox 1489 2913 1643 2957; x_wconf 87' lang='grc' dir='ltr'>ἄςτυ.</span> <span class='ocrx_word' id='word_1_262' title='bbox 1675 2914 1834 2957; x_wconf 87' lang='grc' dir='ltr'>καὶτὰ</span> <span class='ocrx_word' id='word_1_263' title='bbox 1859 2915 1943 2966; x_wconf 81' lang='grc' dir='ltr'>μὲν</span> <span class='ocrx_word' id='word_1_264' title='bbox 1976 2915 2095 2958; x_wconf 86' lang='grc' dir='ltr'>ἄλλα</span> 
     </span>
     <span class='ocr_line' id='line_1_34' title="bbox 46 2970 2095 3025; baseline 0 -12"><span class='ocrx_word' id='word_1_265' title='bbox 46 2971 255 3023; x_wconf 83' lang='grc' dir='ltr'>καθῆςτο</span> <span class='ocrx_word' id='word_1_266' title='bbox 297 2973 428 3025; x_wconf 67' lang='lat' dir='ltr'>cvm·</span> <span class='ocrx_word' id='word_1_267' title='bbox 469 2971 588 3025; x_wconf 90' lang='grc' dir='ltr'>μόνη</span> <span class='ocrx_word' id='word_1_268' title='bbox 632 2971 682 3014; x_wconf 88' lang='grc' dir='ltr'>δέ</span> <span class='ocrx_word' id='word_1_269' title='bbox 724 2971 753 3024; x_wconf 87' lang='grc' dir='ltr'>ἡ</span> <span class='ocrx_word' id='word_1_270' title='bbox 796 2970 852 3015; x_wconf 82' lang='grc' dir='ltr'>ὗς</span> <span class='ocrx_word' id='word_1_271' title='bbox 886 2972 1121 3024; x_wconf 88' lang='grc' dir='ltr'>μεγέθει</span> <span class='ocrx_word' id='word_1_272' title='bbox 1162 2974 1274 3024; x_wconf 88' lang='grc' dir='ltr'>βοῆς</span> <span class='ocrx_word' id='word_1_273' title='bbox 1305 2971 1608 3025; x_wconf 87' lang='grc' dir='ltr'>παρηνώχλει</span> <span class='ocrx_word' id='word_1_274' title='bbox 1638 2972 1725 3014; x_wconf 91' lang='grc' dir='ltr'>τὸν</span> <span class='ocrx_word' id='word_1_275' title='bbox 1757 2971 1953 3023; x_wconf 90' lang='grc' dir='ltr'>ἄγοντα.</span> <span class='ocrx_word' id='word_1_276' title='bbox 2019 2974 2095 3014; x_wconf 83' lang='grc' dir='ltr'>καὶ</span> 
     </span>
     <span class='ocr_line' id='line_1_35' title="bbox 46 3026 2097 3083; baseline 0.001 -14"><span class='ocrx_word' id='word_1_277' title='bbox 46 3026 190 3070; x_wconf 84' lang='grc' dir='ltr'>οὗτος</span> <span class='ocrx_word' id='word_1_278' title='bbox 220 3026 340 3080; x_wconf 89' lang='grc' dir='ltr'>πρὸς</span> <span class='ocrx_word' id='word_1_279' title='bbox 372 3026 526 3080; x_wconf 88' lang='grc' dir='ltr'>αὐτήν</span> <span class='ocrx_word' id='word_1_280' title='bbox 565 3026 632 3071; x_wconf 64' lang='grc' dir='ltr'>*τί</span> <span class='ocrx_word' id='word_1_281' title='bbox 678 3028 814 3082; x_wconf 76' lang='grc' dir='ltr'>δῆτα’</span> <span class='ocrx_word' id='word_1_282' title='bbox 846 3029 868 3071; x_wconf 79' lang='grc' dir='ltr'>ἐ</span> <span class='ocrx_word' id='word_1_283' title='bbox 879 3042 956 3082; x_wconf 90' lang='grc' dir='ltr'>φη</span> <span class='ocrx_word' id='word_1_284' title='bbox 990 3029 1201 3080; x_wconf 69' lang='grc' dir='ltr'>’κομιδὴν</span> <span class='ocrx_word' id='word_1_285' title='bbox 1233 3030 1410 3082; x_wconf 85' lang='grc' dir='ltr'>ἥςυχον</span> <span class='ocrx_word' id='word_1_286' title='bbox 1442 3028 1538 3080; x_wconf 88' lang='grc' dir='ltr'>ἅμα</span> <span class='ocrx_word' id='word_1_287' title='bbox 1559 3032 1663 3071; x_wconf 84' lang='grc' dir='ltr'>τοῖς</span> <span class='ocrx_word' id='word_1_288' title='bbox 1685 3029 1842 3071; x_wconf 84' lang='grc' dir='ltr'>ἄλλοις</span> <span class='ocrx_word' id='word_1_289' title='bbox 1862 3028 1919 3070; x_wconf 86' lang='grc' dir='ltr'>οὐ</span> <span class='ocrx_word' id='word_1_290' title='bbox 1941 3033 2050 3083; x_wconf 84' lang='grc' dir='ltr'>ποιῇ</span> <span class='ocrx_word' id='word_1_291' title='bbox 2074 3029 2097 3082; x_wconf 82' lang='lat'>3&#39;</span> 
     </span>
     <span class='ocr_line' id='line_1_36' title="bbox 45 3083 2090 3140; baseline 0.001 -13"><span class='ocrx_word' id='word_1_292' title='bbox 45 3084 135 3134; x_wconf 86' lang='grc' dir='ltr'>,ὅτι</span> <span class='ocrx_word' id='word_1_293' title='bbox 163 3083 400 3136; x_wconf 89' lang='grc' dir='ltr'>γάλακτος</span> <span class='ocrx_word' id='word_1_294' title='bbox 433 3084 517 3137; x_wconf 83' lang='grc' dir='ltr'>μὲν</span> <span class='ocrx_word' id='word_1_295' title='bbox 549 3085 711 3129; x_wconf 84' lang='grc' dir='ltr'>ἕνεκεν</span> <span class='ocrx_word' id='word_1_296' title='bbox 744 3086 831 3136; x_wconf 83' lang='grc' dir='ltr'>αἴξ,</span> <span class='ocrx_word' id='word_1_297' title='bbox 863 3084 1088 3140; x_wconf 54' lang='grc' dir='ltr'>ἐρίωννδέ</span> <span class='ocrx_word' id='word_1_298' title='bbox 1120 3086 1256 3140; x_wconf 91' lang='grc' dir='ltr'>χάριν</span> <span class='ocrx_word' id='word_1_299' title='bbox 1289 3085 1454 3138; x_wconf 88' lang='grc' dir='ltr'>ἄγεται</span> <span class='ocrx_word' id='word_1_300' title='bbox 1484 3085 1740 3140; x_wconf 89' lang='grc' dir='ltr'>πρόβατον,</span> <span class='ocrx_word' id='word_1_301' title='bbox 1772 3085 1868 3138; x_wconf 87' lang='grc' dir='ltr'>ἐγὼ</span> <span class='ocrx_word' id='word_1_302' title='bbox 1892 3086 1942 3128; x_wconf 81' lang='grc' dir='ltr'>δὲ</span> <span class='ocrx_word' id='word_1_303' title='bbox 1976 3099 2090 3139; x_wconf 89' lang='grc' dir='ltr'>ςφα-</span> 
     </span>
     <span class='ocr_line' id='line_1_37' title="bbox 45 3142 1638 3197; baseline 0.002 -14"><span class='ocrx_word' id='word_1_304' title='bbox 45 3143 148 3194; x_wconf 87' lang='grc' dir='ltr'>γῆς·</span> <span class='ocrx_word' id='word_1_305' title='bbox 179 3144 433 3195; x_wconf 86' lang='grc' dir='ltr'>προςεῑπεν</span> <span class='ocrx_word' id='word_1_306' title='bbox 464 3142 494 3195; x_wconf 85' lang='grc' dir='ltr'><strong>ἡ</strong></span> <span class='ocrx_word' id='word_1_307' title='bbox 528 3144 621 3186; x_wconf 90' lang='grc' dir='ltr'>ςῦς.</span> <span class='ocrx_word' id='word_1_308' title='bbox 655 3142 716 3188; x_wconf 77' lang='lat'>02</span> <span class='ocrx_word' id='word_1_309' title='bbox 758 3163 817 3173; x_wconf 92' lang='lat'>-—·</span> <span class='ocrx_word' id='word_1_310' title='bbox 863 3146 1021 3184; x_wconf 87' lang='lat'>1—10</span> <span class='ocrx_word' id='word_1_311' title='bbox 1050 3149 1152 3186; x_wconf 81' lang='lat' dir='ltr'><strong>rest.</strong></span> <span class='ocrx_word' id='word_1_312' title='bbox 1185 3142 1215 3187; x_wconf 77' lang='lat' dir='ltr'><strong>G</strong></span> <span class='ocrx_word' id='word_1_313' title='bbox 1365 3145 1492 3196; x_wconf 88' lang='lat' dir='ltr'><strong>epim.</strong></span> <span class='ocrx_word' id='word_1_314' title='bbox 1525 3143 1638 3197; x_wconf 86' lang='lat' dir='ltr'>Aug.</span> 
     </span>
    </p>

    <p class='ocr_par' dir='ltr' id='par_1_21' title="bbox 45 3197 2096 3880">
     <span class='ocr_line' id='line_1_38' title="bbox 215 3197 2093 3269; baseline 0 -27"><span class='ocrx_word' id='word_1_315' title='bbox 215 3197 312 3242; x_wconf 81' lang='lat'>245</span> <span class='ocrx_word' id='word_1_316' title='bbox 343 3198 372 3242; x_wconf 75' lang='lat' dir='ltr'>F</span> <span class='ocrx_word' id='word_1_317' title='bbox 406 3201 574 3267; x_wconf 66' lang='lat'>¹450:</span> <span class='ocrx_word' id='word_1_318' title='bbox 607 3199 637 3244; x_wconf 78' lang='lat' dir='ltr'><strong>G</strong></span> <span class='ocrx_word' id='word_1_319' title='bbox 668 3202 828 3269; x_wconf 68' lang='lat' dir='ltr'><strong>P·‚3⁰4</strong></span> <span class='ocrx_word' id='word_1_320' title='bbox 859 3200 889 3245; x_wconf 80' lang='lat' dir='ltr'><strong>G</strong></span> <span class='ocrx_word' id='word_1_321' title='bbox 920 3203 976 3241; x_wconf 88' lang='grc'>46</span> <span class='ocrx_word' id='word_1_322' title='bbox 1007 3201 1119 3269; x_wconf 68' lang='lat' dir='ltr'>Aug.</span> <span class='ocrx_word' id='word_1_323' title='bbox 1155 3202 1235 3241; x_wconf 87' lang='lat'>189</span> <span class='ocrx_word' id='word_1_324' title='bbox 1267 3200 1499 3241; x_wconf 82' lang='lat' dir='ltr'><strong>Eberhard</strong></span> <span class='ocrx_word' id='word_1_325' title='bbox 1532 3202 1615 3241; x_wconf 85' lang='lat'>154</span> <span class='ocrx_word' id='word_1_326' title='bbox 1661 3199 2093 3268; x_wconf 57' lang='grc' dir='ltr'>Ὀρνιθοθήρας</span> 
     </span>
     <span class='ocr_line' id='line_1_39' title="bbox 46 3254 2093 3369; baseline 0.001 -15"><span class='ocrx_word' id='word_1_327' title='bbox 46 3254 378 3355; x_wconf 59' lang='grc' dir='ltr'>ἷέηέἰῗένξὲἔ</span> <span class='ocrx_word' id='word_1_328' title='bbox 388 3267 474 3356; x_wconf 63' lang='grc' dir='ltr'>Ἰῖό</span> <span class='ocrx_word' id='word_1_329' title='bbox 490 3269 613 3356; x_wconf 59' lang='grc' dir='ltr'>ὶῖἷα</span> <span class='ocrx_word' id='word_1_330' title='bbox 625 3258 847 3357; x_wconf 61' lang='grc' dir='ltr'>κξὶὲὲιϊδ</span> <span class='ocrx_word' id='word_1_331' title='bbox 859 3270 925 3356; x_wconf 66' lang='grc' dir='ltr'>ἓξ</span> <span class='ocrx_word' id='word_1_332' title='bbox 941 3255 1899 3369; x_wconf 53' lang='grc' dir='ltr'>ξ’ἐμῗἓἷὸὸννθεὲἑὲἷῶᾊῖξςἒέἕέαπῗιῗὲἐ</span> <span class='ocrx_word' id='word_1_333' title='bbox 1910 3268 1973 3355; x_wconf 70' lang='grc' dir='ltr'>ῗέ·</span> <span class='ocrx_word' id='word_1_334' title='bbox 1989 3260 2093 3357; x_wconf 60' lang='grc' dir='ltr'>τῖξξῗ</span> 
     </span>
     <span class='ocr_line' id='line_1_40' title="bbox 46 3367 2094 3427; baseline 0.002 -17"><span class='ocrx_word' id='word_1_335' title='bbox 46 3368 248 3411; x_wconf 90' lang='grc' dir='ltr'>δόλοις</span> <span class='ocrx_word' id='word_1_336' title='bbox 277 3371 637 3423; x_wconf 87' lang='grc' dir='ltr'>προςῆλθεν·</span> <span class='ocrx_word' id='word_1_337' title='bbox 671 3369 879 3413; x_wconf 83' lang='grc' dir='ltr'>ἐςθίων</span> <span class='ocrx_word' id='word_1_338' title='bbox 912 3371 962 3413; x_wconf 85' lang='grc' dir='ltr'>δέ</span> <span class='ocrx_word' id='word_1_339' title='bbox 993 3371 1058 3412; x_wconf 91' lang='grc' dir='ltr'>τὸ</span> <span class='ocrx_word' id='word_1_340' title='bbox 1092 3370 1299 3427; x_wconf 88' lang='grc' dir='ltr'>δέλεαρ</span> <span class='ocrx_word' id='word_1_341' title='bbox 1323 3371 1534 3415; x_wconf 80' lang='grc' dir='ltr'>ἔλαθεν</span> <span class='ocrx_word' id='word_1_342' title='bbox 1556 3369 1826 3422; x_wconf 82' lang='grc' dir='ltr'>ἐμπεςών</span> <span class='ocrx_word' id='word_1_343' title='bbox 1849 3367 1930 3412; x_wconf 87' lang='grc' dir='ltr'>εἰς</span> <span class='ocrx_word' id='word_1_344' title='bbox 1953 3372 2094 3414; x_wconf 85' lang='grc' dir='ltr'>τοὺς</span> 
     </span>
     <span class='ocr_line' id='line_1_41' title="bbox 49 3425 2096 3482; baseline 0.001 -14"><span class='ocrx_word' id='word_1_345' title='bbox 49 3425 314 3479; x_wconf 89' lang='grc' dir='ltr'>βρόχους.</span> <span class='ocrx_word' id='word_1_346' title='bbox 359 3429 447 3468; x_wconf 89' lang='grc' dir='ltr'>τοῦ</span> <span class='ocrx_word' id='word_1_347' title='bbox 494 3426 543 3470; x_wconf 84' lang='grc' dir='ltr'>δέ</span> <span class='ocrx_word' id='word_1_348' title='bbox 591 3428 902 3482; x_wconf 89' lang='grc' dir='ltr'>ὀρνιθοθήρου</span> <span class='ocrx_word' id='word_1_349' title='bbox 949 3427 1338 3482; x_wconf 89' lang='grc' dir='ltr'>προςδραμόντος</span> <span class='ocrx_word' id='word_1_350' title='bbox 1383 3429 1461 3470; x_wconf 84' lang='grc' dir='ltr'>καὶ</span> <span class='ocrx_word' id='word_1_351' title='bbox 1508 3426 1823 3479; x_wconf 85' lang='grc' dir='ltr'>ςυλλαβόντος</span> <span class='ocrx_word' id='word_1_352' title='bbox 1869 3427 2019 3470; x_wconf 83' lang='grc' dir='ltr'>αὐτὸν</span> <span class='ocrx_word' id='word_1_353' title='bbox 2068 3429 2096 3470; x_wconf 85' lang='grc' dir='ltr'>ὁ</span> 
     </span>
     <span class='ocr_line' id='line_1_42' title="bbox 45 3481 2095 3540; baseline 0.001 -15"><span class='ocrx_word' id='word_1_354' title='bbox 45 3481 247 3536; x_wconf 82' lang='grc' dir='ltr'>κόρυδος</span> <span class='ocrx_word' id='word_1_355' title='bbox 270 3482 364 3535; x_wconf 87' lang='grc' dir='ltr'>ἔφη</span> <span class='ocrx_word' id='word_1_356' title='bbox 382 3495 391 3503; x_wconf 96' lang='grc'><em>·</em></span> <span class='ocrx_word' id='word_1_357' title='bbox 409 3482 528 3526; x_wconf 75' lang='grc' dir='ltr'>“ἐάν</span> <span class='ocrx_word' id='word_1_358' title='bbox 549 3485 841 3528; x_wconf 86' lang='grc' dir='ltr'>τοιαύτας</span> <span class='ocrx_word' id='word_1_359' title='bbox 862 3484 1064 3528; x_wconf 87' lang='grc' dir='ltr'>πόλεις</span> <span class='ocrx_word' id='word_1_360' title='bbox 1085 3484 1311 3540; x_wconf 82' lang='grc' dir='ltr'>κτίζῃς,</span> <span class='ocrx_word' id='word_1_361' title='bbox 1344 3485 1408 3527; x_wconf 83' lang='grc' dir='ltr'>οὐ</span> <span class='ocrx_word' id='word_1_362' title='bbox 1435 3485 1634 3528; x_wconf 87' lang='grc' dir='ltr'>πολλοὺς</span> <span class='ocrx_word' id='word_1_363' title='bbox 1657 3484 1770 3526; x_wconf 89' lang='grc' dir='ltr'>τοὺς</span> <span class='ocrx_word' id='word_1_364' title='bbox 1792 3483 2095 3528; x_wconf 82' lang='grc' dir='ltr'>ἐνοικοῦντας</span> 
     </span>
     <span class='ocr_line' id='line_1_43' title="bbox 48 3538 2087 3597; baseline 0.001 -15"><span class='ocrx_word' id='word_1_365' title='bbox 48 3538 365 3593; x_wconf 81' lang='grc' dir='ltr'>εὑρήςεις’.</span> <span class='ocrx_word' id='word_1_366' title='bbox 394 3541 507 3595; x_wconf 88' lang='lat' dir='ltr'>Aug.</span> <span class='ocrx_word' id='word_1_367' title='bbox 654 3541 1072 3597; x_wconf 87' lang='grc' dir='ltr'>Ὀρνιθοθήρας</span> <span class='ocrx_word' id='word_1_368' title='bbox 1103 3546 1305 3595; x_wconf 85' lang='grc' dir='ltr'>πτηνοῖς</span> <span class='ocrx_word' id='word_1_369' title='bbox 1334 3541 1536 3594; x_wconf 87' lang='grc' dir='ltr'>παγίδας</span> <span class='ocrx_word' id='word_1_370' title='bbox 1567 3540 1708 3583; x_wconf 81' lang='grc' dir='ltr'>ἵςτα.</span> <span class='ocrx_word' id='word_1_371' title='bbox 1742 3541 2004 3594; x_wconf 86' lang='grc' dir='ltr'>κορυδαλὸς</span> <span class='ocrx_word' id='word_1_372' title='bbox 2037 3543 2087 3584; x_wconf 83' lang='grc' dir='ltr'>δέ</span> 
     </span>
     <span class='ocr_line' id='line_1_44' title="bbox 48 3595 2092 3653; baseline 0.002 -16"><span class='ocrx_word' id='word_1_373' title='bbox 48 3598 265 3639; x_wconf 82' lang='grc' dir='ltr'>τοῦτον</span> <span class='ocrx_word' id='word_1_374' title='bbox 296 3597 583 3649; x_wconf 90' lang='grc' dir='ltr'>θεαςάμενος</span> <span class='ocrx_word' id='word_1_375' title='bbox 614 3597 782 3652; x_wconf 88' lang='grc' dir='ltr'>ἠρώτα</span> <span class='ocrx_word' id='word_1_376' title='bbox 816 3599 1051 3653; x_wconf 88' lang='grc' dir='ltr'>μακρόθεν</span> <span class='ocrx_word' id='word_1_377' title='bbox 1084 3598 1253 3642; x_wconf 88' lang='grc' dir='ltr'>ἑςτώς·</span> <span class='ocrx_word' id='word_1_378' title='bbox 1302 3597 1362 3641; x_wconf 70' lang='grc' dir='ltr'>’τί</span> <span class='ocrx_word' id='word_1_379' title='bbox 1402 3598 1575 3653; x_wconf 82' lang='grc' dir='ltr'>ἐργάζῃ</span> <span class='ocrx_word' id='word_1_380' title='bbox 1594 3597 1619 3651; x_wconf 81' lang='lat'>3&#39;</span> <span class='ocrx_word' id='word_1_381' title='bbox 1656 3599 1745 3640; x_wconf 92' lang='grc' dir='ltr'>τοῦ</span> <span class='ocrx_word' id='word_1_382' title='bbox 1793 3597 1844 3639; x_wconf 83' lang='grc' dir='ltr'>δὲ</span> <span class='ocrx_word' id='word_1_383' title='bbox 1875 3595 2092 3641; x_wconf 89' lang='grc' dir='ltr'>εἰπόντος</span> 
     </span>
     <span class='ocr_line' id='line_1_45' title="bbox 46 3650 2093 3710; baseline 0.002 -16"><span class='ocrx_word' id='word_1_384' title='bbox 46 3650 235 3695; x_wconf 67' lang='grc' dir='ltr'>ιπόλιν</span> <span class='ocrx_word' id='word_1_385' title='bbox 275 3651 467 3698; x_wconf 82' lang='grc' dir='ltr'>κτίζω’</span> <span class='ocrx_word' id='word_1_386' title='bbox 499 3656 588 3696; x_wconf 85' lang='grc' dir='ltr'>καὶ</span> <span class='ocrx_word' id='word_1_387' title='bbox 622 3656 830 3710; x_wconf 92' lang='grc' dir='ltr'>μικρὸν</span> <span class='ocrx_word' id='word_1_388' title='bbox 863 3655 1263 3710; x_wconf 84' lang='grc' dir='ltr'>ὑποχωρήςαντος</span> <span class='ocrx_word' id='word_1_389' title='bbox 1301 3656 1377 3698; x_wconf 89' lang='grc' dir='ltr'>καὶ</span> <span class='ocrx_word' id='word_1_390' title='bbox 1408 3655 1734 3709; x_wconf 91' lang='grc' dir='ltr'>κρυβέντος</span> <span class='ocrx_word' id='word_1_391' title='bbox 1774 3654 1799 3696; x_wconf 91' lang='grc' dir='ltr'>ό</span> <span class='ocrx_word' id='word_1_392' title='bbox 1830 3655 2093 3708; x_wconf 88' lang='grc' dir='ltr'>κορυδαλὸς</span> 
     </span>
     <span class='ocr_line' id='line_1_46' title="bbox 46 3710 2092 3767; baseline 0.002 -16"><span class='ocrx_word' id='word_1_393' title='bbox 46 3711 308 3752; x_wconf 83' lang='grc' dir='ltr'>πειςθεὶς</span> <span class='ocrx_word' id='word_1_394' title='bbox 352 3714 457 3754; x_wconf 82' lang='grc' dir='ltr'>τοῖς</span> <span class='ocrx_word' id='word_1_395' title='bbox 504 3711 662 3763; x_wconf 90' lang='grc' dir='ltr'>λόγοις</span> <span class='ocrx_word' id='word_1_396' title='bbox 706 3715 793 3755; x_wconf 91' lang='grc' dir='ltr'>τοῦ</span> <span class='ocrx_word' id='word_1_397' title='bbox 841 3712 1011 3767; x_wconf 90' lang='grc' dir='ltr'>ἀνδρὸς</span> <span class='ocrx_word' id='word_1_398' title='bbox 1057 3715 1348 3767; x_wconf 88' lang='grc' dir='ltr'>προςῆλθε</span> <span class='ocrx_word' id='word_1_399' title='bbox 1387 3716 1457 3766; x_wconf 81' lang='grc' dir='ltr'>τῷ</span> <span class='ocrx_word' id='word_1_400' title='bbox 1489 3712 1625 3765; x_wconf 85' lang='grc' dir='ltr'>τόπῳ</span> <span class='ocrx_word' id='word_1_401' title='bbox 1657 3712 1750 3753; x_wconf 86' lang='grc' dir='ltr'>καὶ</span> <span class='ocrx_word' id='word_1_402' title='bbox 1780 3710 1847 3753; x_wconf 86' lang='grc' dir='ltr'>τὸ</span> <span class='ocrx_word' id='word_1_403' title='bbox 1879 3711 2092 3767; x_wconf 85' lang='grc' dir='ltr'>δέλεαρ</span> 
     </span>
     <span class='ocr_line' id='line_1_47' title="bbox 49 3763 2094 3824; baseline 0.001 -16"><span class='ocrx_word' id='word_1_404' title='bbox 49 3763 259 3809; x_wconf 79' lang='grc' dir='ltr'>ἐςθίων</span> <span class='ocrx_word' id='word_1_405' title='bbox 290 3767 501 3810; x_wconf 79' lang='grc' dir='ltr'>ἔλαθεν</span> <span class='ocrx_word' id='word_1_406' title='bbox 524 3769 698 3820; x_wconf 89' lang='grc' dir='ltr'>ἐμπες</span> <span class='ocrx_word' id='word_1_407' title='bbox 717 3773 802 3817; x_wconf 85' lang='grc' dir='ltr'>εῖν</span> <span class='ocrx_word' id='word_1_408' title='bbox 826 3768 906 3813; x_wconf 90' lang='grc' dir='ltr'>εἰς</span> <span class='ocrx_word' id='word_1_409' title='bbox 929 3770 1067 3812; x_wconf 85' lang='grc' dir='ltr'>τοὺς</span> <span class='ocrx_word' id='word_1_410' title='bbox 1090 3770 1359 3824; x_wconf 87' lang='grc' dir='ltr'>βρόχους.</span> <span class='ocrx_word' id='word_1_411' title='bbox 1386 3769 1411 3810; x_wconf 89' lang='grc' dir='ltr'>ὁ</span> <span class='ocrx_word' id='word_1_412' title='bbox 1435 3768 1494 3810; x_wconf 82' lang='grc' dir='ltr'>δέ</span> <span class='ocrx_word' id='word_1_413' title='bbox 1516 3766 1829 3823; x_wconf 87' lang='grc' dir='ltr'>ὀρνιθοθήρας</span> <span class='ocrx_word' id='word_1_414' title='bbox 1851 3767 2094 3822; x_wconf 88' lang='grc' dir='ltr'>δραμὼν</span> 
     </span>
     <span class='ocr_line' id='line_1_48' title="bbox 50 3821 2093 3880; baseline 0.002 -16"><span class='ocrx_word' id='word_1_415' title='bbox 50 3821 308 3875; x_wconf 87' lang='grc' dir='ltr'>ἀνελάβετο</span> <span class='ocrx_word' id='word_1_416' title='bbox 341 3824 511 3867; x_wconf 84' lang='grc' dir='ltr'>αὐτόν·</span> <span class='ocrx_word' id='word_1_417' title='bbox 542 3827 619 3867; x_wconf 85' lang='grc' dir='ltr'>καί</span> <span class='ocrx_word' id='word_1_418' title='bbox 659 3826 685 3868; x_wconf 86' lang='grc' dir='ltr'>ό</span> <span class='ocrx_word' id='word_1_419' title='bbox 727 3827 988 3880; x_wconf 89' lang='grc' dir='ltr'>κορυδαλός</span> <span class='ocrx_word' id='word_1_420' title='bbox 1026 3826 1078 3868; x_wconf 70' lang='grc' dir='ltr'>’ὦ</span> <span class='ocrx_word' id='word_1_421' title='bbox 1119 3825 1275 3869; x_wconf 79' lang='grc' dir='ltr'>οὗτος’</span> <span class='ocrx_word' id='word_1_422' title='bbox 1309 3826 1417 3878; x_wconf 80' lang='grc' dir='ltr'>ἔφη,</span> <span class='ocrx_word' id='word_1_423' title='bbox 1450 3825 1550 3868; x_wconf 90' lang='grc' dir='ltr'>ἐὰν</span> <span class='ocrx_word' id='word_1_424' title='bbox 1580 3825 1863 3868; x_wconf 86' lang='grc' dir='ltr'>τοιαύτας</span> <span class='ocrx_word' id='word_1_425' title='bbox 1893 3825 2093 3869; x_wconf 89' lang='grc' dir='ltr'>πόλεις</span> 
     </span>
    </p>
   </div>
  </div>
 </body>
</html>
