2332 4134
1088 311 1156 318 -
1236 281 1335 332 114
1409 311 1476 318 -

1222 422 1354 479 204

607 528 875 589 Γαμοῦντα
918 523 1014 574 τὸν
1050 522 1136 574 Δί’
1174 521 1298 586 ἦλθέ
1338 528 1452 590 ζῷα
1491 528 1749 589 δωρῆςαι·

608 609 731 675 ὄφις
769 608 814 660 δ’
854 607 1103 671 ἀνεῑρψεν
1140 608 1418 672 ἀναλαβὼν
1455 608 1622 672 ῥόδον
1657 611 1872 680 γλώςςῃ.

608 697 735 749 ἰδὼν
776 697 835 746 δὲ
873 696 1065 745 τοῦτον
1103 692 1237 745 Ζεὺς
1275 693 1436 758 ἔφηςε
1467 693 1764 763 <τοιαῦτα>·

615 781 803 833 <ἄλλων
842 779 1093 831 ἁπάντων
1132 782 1281 843 δῶρα
1319 780 1566 844 λαμβάνω
1611 779 1832 851 <Ζῲων>

607 868 702 919 κάκ
739 870 846 918 τῶν
882 868 1082 926 ποδῶν,
1122 869 1213 917 ςοῦ
1254 866 1299 918 δ’
1339 866 1466 919 οὐδὲ
1504 868 1717 932 δέξομαι
1753 868 2013 932 γλώςςης’.
2273 883 2309 924 5ι

683 952 921 1020 [πάντων
958 954 1208 1014 πονηρῶν
1246 952 1452 1016 χάριτές
1491 951 1582 1004 εἰςι
1620 953 1941 1023 θαμβοῦςαι]

1227 1082 1356 1140 205
2296 1098 2319 1147 ’Β

608 1167 879 1230 Καλάμους
917 1167 1091 1231 λαβών
1130 1184 1206 1219 τις
1243 1167 1387 1220 κίξὸν
1424 1166 1581 1231 ἦλθεν
1619 1168 1691 1221 εἰς
1730 1167 1911 1233 ἄγραν.
2307 1209 2315 1218 .,

611 1253 739 1304 ἰδὼν
779 1254 838 1304 δὲ
878 1252 1055 1315 κίχλαν
1095 1253 1447 1317 ἑγκαθημένην
1487 1255 1692 1322 δένδρῳ

608 1338 872 1401 καλάμους
912 1337 1117 1402 ἀνῆψεν
1155 1338 1227 1390 εἰς
1264 1339 1326 1391 τὸ
1365 1342 1528 1403 μῆκος
1566 1338 1806 1403 ἀλλήλοις

614 1425 830 1489 ἐφορῶν
867 1422 912 1474 τ’
951 1424 1003 1475 ές
1042 1423 1205 1487 αὐτὴν
1243 1427 1510 1489 ςυλλαβεῑν
1549 1426 1823 1490 ἐβουλήθη.

609 1510 715 1572 πρὸ
755 1511 862 1560 τῶν
899 1511 1083 1560 ποδῶν
1123 1511 1182 1561 δὲ
1219 1511 1454 1574 κειμένην
1491 1510 1599 1574 ἔχιν
1636 1511 1804 1580 λάθρῃ
2283 1507 2332 1580 ὄξ-

612 1594 892 1656 έπάτηςεν·
930 1593 961 1656 ἡ
1002 1592 1047 1645 δ’
1086 1594 1304 1658 ἔπληξεν
1349 1594 1512 1647 αὐτὸν
1555 1592 1884 1664 <ἑξαίφνης>.
2323 1582 2332 1598 ‘⁷

610 1679 641 1731 ὁ
681 1681 741 1731 δὲ
779 1680 913 1743 πρὸς
951 1680 1116 1732 αὑτὸν
1153 1681 1248 1732 τὸν
1288 1681 1401 1745 βίον
1439 1681 1806 1743 μεταλλάττων

617 1764 829 1829 Ἕτερον,
868 1766 1029 1818 τάλας
1068 1762 1266 1829 ἔγωγέ,
1304 1767 1426 1831 φηςί
1465 1764 1722 1830 “θηρεῦςαι

615 1850 935 1914 βουλόμενος
973 1850 1045 1903 εἰς
1087 1849 1247 1920 <τὸν>
1295 1849 1527 1904 θάνατον
1565 1852 1725 1904 αὐτὸς
1762 1849 2057 1916 ήγρεύθην’.
2324 1902 2332 1925 5

439 1929 500 1986 ‘O
541 1938 707 1999 μῦθος
755 1939 904 1999 δηλοῖ
955 1935 1035 1988 ὅτι
1073 1937 1123 1989 οἱ
1171 1940 1280 1989 τοῖς
1318 1939 1479 1990 πέλας
1529 1937 1955 2002 ἐπιβουλεύοντες
2000 1934 2332 2014 λανθάνουςιξ

278 2020 524 2073 πολλάκις
561 2020 650 2085 ὑφ’
694 2021 891 2085 ἑτέρων
928 2021 1067 2074 τοῦτ’
1111 2023 1241 2075 αὐτὸ
1280 2022 1583 2086 πάςχοντες.
2330 2020 2332 2027 ’

2315 1728 2332 1770 ¹!

442 2150 543 2194 204
591 2150 619 2193 F
642 2152 724 2191 184
753 2167 806 2186 =
839 2149 869 2194 G
911 2166 953 2204 p.
987 2154 1071 2192 368
1118 2149 1247 2196 0189
1278 2152 1391 2205 Aug.
1421 2153 1502 2192 218
1547 2151 1776 2193 Eberhard
1795 2153 1876 2192 168
1933 2148 2029 2192 Τοῠ
2071 2149 2186 2193 Διὸς
2226 2161 2332 2203 γα(

282 2209 535 2258 μοῦντος
574 2206 733 2249 πάντα
772 2207 832 2249 τὰ
871 2209 985 2262 Ζῷα
1026 2206 1293 2259 ἀνήνεγκαν
1334 2208 1483 2263 δῶρα·
1524 2208 1655 2262 ὄφις
1695 2209 1755 2250 δὲ
1788 2208 1947 2263 ἕρπων
1979 2206 2161 2260 ῥόδον
2191 2206 2319 2250 ἀνα-

281 2262 477 2315 λαβὼν
515 2267 585 2318 τῷ
629 2264 822 2316 ςτόματι
863 2264 1022 2318 ἀνέβη.
1082 2263 1224 2307 ἰδὼν
1273 2265 1331 2307 δὲ
1375 2266 1525 2308 αὐτὸν
1567 2266 1592 2307 ὁ
1625 2265 1775 2308 Ζεὺς
1815 2265 1934 2318 ἔφη·
1982 2262 2096 2306 “τῶν
2127 2263 2318 2307 ἄλλων

283 2319 559 2362 ἁπάντων
591 2322 682 2363 καὶ
714 2321 774 2363 ἐκ
813 2322 1010 2365 ποδῶν
1051 2322 1212 2376 δῶρα
1245 2321 1451 2374 δέχομαι,
1493 2322 1585 2365 ἀπὸ
1619 2323 1680 2365 δὲ
1713 2325 1823 2365 ςοῦ
1861 2324 1948 2364 τοῦ
1989 2320 2222 2373 ςτόματος
2262 2319 2317 2363 οὐ

284 2376 590 2428 λαμβάνω’.
622 2401 679 2408 -
710 2378 760 2421 ‘O
799 2379 939 2431 λόγος
979 2379 1115 2432 δηλοῖ
1156 2379 1229 2422 ὅτι
1269 2379 1505 2422 πάντων
1536 2382 1635 2422 τῶν
1666 2378 1948 2434 πονηρῶν
1994 2375 2041 2420 αἱ
2080 2377 2319 2434 χάριτες

283 2431 495 2488 φοβεραί.
526 2434 636 2488 Aug.
698 2433 792 2477 Τοῦ
832 2435 946 2478 Διὸς
984 2436 1164 2489 γάμους
1205 2439 1457 2479 ποιοῦντος
1495 2436 1653 2479 πάντα
1693 2436 1752 2478 τὰ
1792 2437 1908 2491 ζῶα
1948 2435 2154 2488 ἤνεγκαν
2192 2434 2320 2488 (ἀνή-

284 2503 460 2542 νεγκαν
492 2488 539 2542 G)
574 2491 718 2545 δῶρα,
752 2492 947 2534 ἕκαςτον
969 2493 1088 2535 κατὰ
1109 2494 1199 2545 τὴν
1232 2491 1407 2535 οἰκείαν
1439 2492 1580 2546 (ἰδίαν
1602 2493 1652 2547 G)
1677 2493 1890 2546 δύναμιν.
1922 2491 2058 2545 ὄφις
2080 2492 2139 2535 δὲ
2160 2492 2332 2547 ἕρπων;

283 2547 461 2600 ῥόδον
492 2548 653 2600 λαβὼν
685 2549 735 2590 ἐν
781 2553 851 2604 τῷ
884 2550 1079 2601 ςτόματι
1110 2549 1270 2602 ἀνέβη.
1302 2548 1447 2593 ἰδὼν
1479 2550 1539 2593 δὲ
1572 2550 1719 2592 αὐτὸν
1751 2551 1777 2593 ὁ
1808 2549 1955 2592 Ζεὺς
1985 2548 2078 2602 ἔφη
2110 2549 2228 2601 (εἶπε
2250 2546 2332 2600 0)Ἀ

289 2602 402 2645 ’τῶν
434 2604 625 2646 ἄλλων
655 2606 853 2648 πάντων
883 2606 942 2648 τὰ
961 2607 1115 2661 δῶρα
1147 2607 1449 2660 λαμβάνω,
1483 2606 1575 2650 ἀπὸ
1608 2607 1667 2650 δὲ
1697 2610 1783 2649 τοῦ
1816 2609 1896 2650 ςοῦ
1929 2605 2161 2657 ςτόματος
2190 2609 2332 2658 λαμ-ἶ

283 2659 437 2712 βάνω
470 2659 569 2703 οὐδ’
602 2662 724 2704 ὅλως
759 2663 828 2710 (οὐ
860 2663 1085 2716 λαμβάνω
1121 2662 1195 2715 G)'.
1226 2688 1283 2694 —
1311 2663 1363 2707 ‘O
1397 2665 1540 2717 μῦθος
1573 2664 1707 2717 δηλοῖ
1738 2664 1812 2706 ὅτι
1840 2666 1938 2705 τῶν
1968 2667 2246 2718 πονηρῶν
2271 2659 2318 2704 αἱ

284 2716 521 2771 χάριτες
543 2718 743 2773 φοβεραί
765 2717 906 2762 εἰςιν
930 2720 1049 2772 (Ὅτι
1069 2724 1349 2775 πονηρῶν
1382 2719 1428 2763 αἱ
1449 2721 1684 2775 χάριτες
1705 2718 1905 2774 φοβεραί
1935 2718 2080 2762 εἰςιν
2099 2720 2321 2770 c>.1-·c-

287 2773 444 2828 1—[6]
477 2782 576 2816 rest.
610 2775 640 2819 G
785 2779 812 2817 4
843 2777 1012 2828 ἄλλων,
1045 2778 1152 2831 ἔφη,
1183 2777 1243 2820 τὰ
1277 2777 1405 2832 δῶρα
1436 2778 1661 2831 λαμβάνω
1694 2777 1893 2820 πάντων
1925 2777 2154 2818 Eberhard

451 2831 548 2875 205
596 2832 722 2875 1:225
754 2851 807 2869 =
841 2833 941 2879 032
980 2835 1092 2888 Aug.
1132 2836 1213 2875 114
1242 2836 1470 2876 Eberhard
1503 2838 1581 2876 161
1642 2834 1839 2886 Ἰξευτὴς
1880 2831 2003 2876 ἰξὸν
2035 2832 2321 2887 ἀναλαβὼν

285 2888 376 2928 καὶ
421 2888 711 2939 καλάμους
755 2890 871 2944 πρὸς
917 2891 1109 2945 ἄγραν
1156 2891 1419 2944 ἐξῆλθεν.
1479 2890 1622 2934 ἰδὼν
1669 2892 1727 2934 δὲ
1767 2889 1975 2944 κίχλαν
2015 2889 2089 2944 ἐφ’
2130 2891 2320 2944 ὑψηλοῦ

284 2942 530 2998 δένδρου
563 2947 879 2999 καθεζομένην
910 2949 985 2989 καὶ
1016 2950 1128 2991 τοὺς
1160 2949 1466 3001 καλάμους
1498 2947 1884 3002 ἀλλήλοιςέπὶ
1907 2949 2088 3000 μῆκος
2110 2947 2322 3000 ςυνάψας

285 2999 386 3041 ἄνω
409 3001 528 3055 πρὸς
551 3002 697 3055 αὐτὴ
715 3019 740 3045 ν
764 3006 1071 3057 ςυλλαβεῑν
1105 3006 1388 3058 βουλόμενος
1420 3006 1614 3059 ἐφεώρα
1637 3005 1857 3059 (ἀφεώρα
1881 3004 1948 3059 G).
1981 3005 2058 3046 καὶ
2077 3004 2138 3057 δὴ
2161 3004 2323 3047 λαθὼν

283 3055 407 3109 ἔχιν
435 3059 737 3112 κοιμωμένην
769 3061 861 3103 ὑπὸ
892 3063 1004 3103 τοὺς
1036 3063 1166 3113 (τοὺς
1195 3077 1277 3103 om.
1299 3063 1343 3113 F)
1375 3063 1525 3105 πόδας
1556 3063 1830 3114 ἑπάτηςε.
1861 3064 1947 3114 τῆς
1978 3060 2018 3103 δ’
2038 3060 2324 3115 ὀργιςθείςης

284 3114 362 3154 καὶ
395 3114 626 3168 δακούςης
659 3117 806 3159 αὐτὸν
838 3118 1014 3160 ἐκεῖνος
1059 3120 1149 3171 ἤδη
1174 3120 1477 3172 λειποψυχῶν
1510 3119 1663 3171 ἔλεγε·
1696 3118 1943 3170 “δύςτηνος
1974 3117 2085 3170 ἐγώ,
2117 3118 2323 3173 ἕτερον

285 3169 376 3224 γὰρ
409 3171 696 3226 θηρεῦςαι
728 3175 1094 3227 βουλόμενος
1136 3176 1314 3219 αὐτὸς
1355 3175 1435 3229 ὑφ’
1469 3176 1632 3230 ἐτέρου
1666 3175 1983 3230 ἠγρεύθην
2025 3172 2321 3217 εἰς’-θάνα-

287 3229 421 3269 τον’.
463 3229 536 3274 fc
648 3230 846 3284 Ἰξευτὴς
898 3230 1183 3284 ἀναλαβὼν
1243 3231 1365 3275 ἰξὸν
1425 3234 1506 3275 καὶ
1558 3234 1672 3276 τοὺς
1726 3231 2029 3283 καλάμους
2077 3231 2323 3285 ἐξῆλθεν

289 3282 358 3326 ἐπ’
399 3284 599 3340 ἄγραν.
661 3288 948 3339 θεαςάμενος
990 3289 1052 3332 δὲ
1100 3287 1301 3341 κίχλαν
1340 3288 1414 3332 ἐπί
1457 3303 1585 3332 τινος
1633 3290 1820 3342 ὑψηλοῦ
1863 3287 2109 3341 δένδρου
2157 3289 2324 3341 καθη-

290 3340 472 3394 μένην
503 3344 690 3397 ταύτιην
724 3347 1038 3397 ςυλλαβεῖν
1069 3346 1400 3399 ἠβουλήθη·
1432 3347 1507 3388 καί
1540 3347 1596 3398 δὴ
1631 3345 1821 3399 ἀνάψας
1861 3343 1943 3388 εἰς
1990 3347 2170 3398 μῆκος
2208 3345 2323 3387 τοὺς

287 3398 587 3450 καλάμους
618 3399 780 3444 ἀτενές
812 3403 1004 3454 ἔβλεπεν
1036 3403 1146 3445 ὅλος
1180 3404 1248 3444 ὢν
1278 3403 1396 3457 πρὸς
1427 3407 1498 3458 τῷ
1531 3402 1632 3457 ἀέρι
1662 3403 1749 3444 τὸν
1787 3404 1917 3444 νοῦν.
1947 3404 2123 3444 τοῦτον
2155 3401 2206 3444 δὲ
2236 3402 2323 3443 τὸν

291 3453 472 3506 τρόπον
514 3457 614 3499 ἄνω
647 3459 802 3501 νεύων
844 3459 1009 3502 ἔλαθεν
1059 3457 1226 3502 ἀςπίδα
1262 3460 1372 3514 πρὸ
1414 3463 1533 3502 τῶν
1576 3460 1747 3501 ἑαυτοῦ
1791 3459 1990 3501 ποδῶν
2025 3457 2324 3511 κοιμωμένην

289 3510 1000 3624 ἕὲἷήξὲἳ·ἥῖἑῶξξῗτὲἳῗῗὲ
1019 3515 1120 3614 ³²3}
1133 3518 1229 3614 '¹54‘-
1238 3514 2325 3627 ἔρῗῗῗ(ἒᾚέεδῡέςὶεῖπὲΐῖχῗέμῆἒῧξῗηεῖαρθῖδ

290 3621 471 3668 αὐτὸς
492 3625 735 3681 ἀγρευθεὶς
759 3627 839 3672 εἰς
861 3628 966 3671 θάν
982 3642 1084 3671 ατο
1097 3628 1149 3671 ν’.
1174 3653 1204 3658 -
1239 3630 1405 3672 Οὕτως
1427 3629 1469 3672 οἱ
1490 3634 1592 3672 τοῖς
1623 3629 1769 3671 πέλας
1791 3626 2039 3680 ἐπιβουλὰς
2060 3627 2326 3681 ῥάπτοντες

293 3679 553 3732 φθάνουςιν
594 3684 729 3727 αὐτοὶ
774 3689 1034 3740 ςυμφοραῑς
1073 3684 1443 3739 περιπίπτοντες.
1484 3687 1595 3740 Aug.
1643 3702 1700 3712 -
1752 3686 1875 3726 1-9
1920 3690 2018 3725 rest.
2062 3683 2092 3728 G
2133 3683 2324 3736 ἐξῆλθεν

293 3734 359 3778 εἰς
390 3736 552 3792 ἄγραν.
585 3738 701 3783 ἰδὼν
734 3742 783 3785 δὲ
815 3741 1023 3795 κίχλαν..
1063 3742 1162 3784 ἄνω
1197 3743 1313 3796 πρὸς
1347 3743 1518 3795 αὐτὴν,
1560 3745 1801 3795 ςυλλαβεῑν
1835 3740 1890 3794 (δ’
1921 3740 2221 3794 ἑβουλήθη)..
2258 3737 2323 3782 εἰς

293 3793 500 3838 θάνατον
532 3797 674 3842 αὐτὸς
706 3798 953 3853 ήγρεύθην.
985 3800 1211 3841 Eberhard
1358 3803 1483 3852 epim.
1517 3799 1585 3844 fc
