2332 4134
1091 292 1160 300 —
1237 261 1336 314 116
1409 289 1476 298 —-

1222 402 1352 459 208

597 508 714 559 Δύο
753 507 911 559 κύνας
951 505 1089 568 ἔχων
1127 520 1203 555 τις
1239 503 1336 555 τὸν
1373 503 1468 566 μὲν
1509 501 1700 571 <εὐθὺ>
1743 502 1980 566 θηρεύειν

604 593 823 652 ἐδίδαξε,
863 591 960 642 τὸν
997 589 1041 642 δ’
1084 588 1337 651 οἰκουρὸν
1375 587 1537 650 οἰκίης
1575 585 1722 640 εἶναι.

598 677 680 728 καὶ
718 677 781 738 δή
821 674 912 726 τιν’
955 673 1001 726 εἴ
1038 671 1160 725 ποθ’
1204 671 1234 724 ὁ
1273 673 1368 736 μὲν
1406 671 1572 736 ἄγραν
1609 673 1919 737 ςυνειλήφει,

598 761 843 824 οἱκοῦρος
881 758 1025 827 αὐτῷ
1066 759 1364 822 ςυμμετεῖχε
1402 760 1493 820 τῆς
1531 757 1725 820 θοίνης.

603 874 632 903 -x-
710 873 740 902 τῖε·
816 872 846 902 ὓ
923 872 953 902 96
1031 871 1062 902 96·
1139 871 1169 901 ’κ’
1248 871 1278 901 45
1356 871 1386 901 ’Ξὲ
1464 871 1494 901 ÷÷
1571 871 1601 901 -κ-
1678 870 1709 900 ’36
1787 870 1817 900 ÷÷
1893 869 1924 900 -Jt-

598 959 628 1011 ὁ
667 959 724 1011 δέ
758 953 843 1022 εμὴ
881 956 991 1022 ’μέ,’
1034 957 1173 1022 φηςί,
1220 957 1327 1010 ‘rev
1365 958 1424 1009 δέ
1463 956 1720 1020 δεςπότην
1758 956 1984 1020 μέμφου,
2277 966 2304 1007 5

603 1044 661 1095 ὃς
699 1043 762 1095 οὐ
801 1046 982 1095 πονεῖν
1019 1060 1080 1106 με
1123 1039 1321 1111 <ταύτὰ
1361 1042 1453 1103 ςοί,
1491 1042 1557 1093 τὰ
1594 1044 1686 1105 τῆς
1722 1037 1938 1108 θήρης>,

601 1129 849 1188 ἐδίδαξεν,
888 1127 1072 1179 ἐςθίειν
1111 1128 1171 1179 δὲ
1212 1128 1336 1179 τοὺς
1372 1126 1574 1180 πόνους
1614 1125 1819 1178 ἄλλωνῖ

670 1212 755 1280 [οὐ
794 1212 1000 1264 παίδων
1037 1212 1088 1264 οἱ
1124 1213 1285 1276 μηδὲν
1324 1211 1649 1275 ἐπιςτάμενοι
1690 1206 2117 1279 <κατά>μεμπτοί

599 1298 702 1360 εἰς’,
742 1297 870 1350 ὅταν
909 1298 961 1350 οἵ
1003 1295 1124 1367 <γε>
1164 1300 1335 1359 γονεῖς
1374 1296 1567 1348 αὐτοὺς
1605 1295 1777 1348 οὕτως
1815 1292 2111 1361 ἀγάγωςιν.]

602 1571 849 1634 Καρκῖνος
887 1567 1084 1633 ἀναβὰς
1122 1567 1317 1632 ἐνέμετ’
1357 1566 1440 1619 ἐπί
1476 1583 1616 1619 τινος
1653 1566 1851 1629 χώρης.

599 1655 768 1718 κερδὼ
808 1655 867 1707 δὲ
904 1654 1228 1718 λιμώττουςα
1264 1655 1456 1704 τοῦτον
1494 1651 1566 1704 ὡς
1604 1649 1760 1712 εἶδεν,

598 1739 859 1804 προςιοῦς’
898 1738 1149 1803 ἀνέλαβεν
1187 1738 1374 1790 αὐτόν·
1415 1737 1446 1790 ὁ
1485 1739 1546 1790 δὲ
1584 1739 1762 1789 θανεῖν
1800 1736 2011 1800 μέλλων

604 1819 801 1887 (ἔγωγέ
844 1823 966 1890 φηςί
1009 1823 1185 1876 “rafim
1224 1824 1313 1875 ςὺν
1351 1823 1463 1891 δίκῃ
1502 1822 1703 1885 πάςχω,

603 1913 838 1974 χερςαῑος
876 1909 1006 1962 εἶναι
1044 1911 1240 1973 μᾶλλον
1266 1908 1338 1960 ὡς
1377 1905 1698 1972 ἐβουλήθηνῖ
2273 1917 2300 1957 5

436 2025 489 2078 ‘O
529 2028 691 2089 μῦθος
729 2028 879 2088 δηλοῖ
917 2024 998 2076 ὅτι
1034 2025 1119 2076 καὶ
1154 2026 1261 2075 τῶν
1299 2022 1598 2087 ἀνθρώπων
1652 2021 1702 2073 οἱ
1749 2021 1814 2073 τὰ
1868 2020 2033 2074 οἰκεῖα
2069 2021 2307 2074 καταλεί-’

262 2127 447 2163 ποντες
474 2109 852 2173 ἐπιτηδεύματα
878 2109 961 2162 καὶ
981 2111 1090 2160 τοῖς
1111 2110 1274 2172 μηδὲν
1299 2108 1643 2172 προςήκουςιν
1670 2106 2054 2171 ἐπιχειροῦντες
2080 2106 2299 2159 εἰκότως

262 2199 612 2260 δυςτυχοῦςιν.

431 2396 527 2440 208
545 2395 670 2439 1-’245
691 2393 720 2438 G
738 2396 792 2435 92
809 2395 918 2448 Aug.
936 2394 1187 2446 93Ἔχων
1209 2405 1297 2435 τις
1323 2392 1428 2435 δύο
1451 2393 1631 2435 κύνας
1653 2392 1759 2434 τὸν
1784 2393 1885 2444 μὲν
1907 2389 2301 2448 (grepovaddsc)

263 2453 538 2506 θηρεύειν
570 2449 826 2502 ἐδίδαξε,
859 2451 959 2493 τὸν
983 2451 1043 2493 δέ
1066 2450 1246 2497 (λοιπὸν
1278 2451 1377 2490 add.
1412 2449 1499 2501 fc)
1545 2448 1829 2503 οἰκουρὸν
1861 2447 2056 2503 ἐποίηςε
2088 2445 2296 2502 (οἰκοφυ-

261 2512 420 2552 λακεῖν
453 2508 559 2561 fc).
582 2509 675 2550 καὶ
707 2509 773 2560 δὴ
807 2508 1031 2550 εἴποτε
1070 2508 1096 2549 ὁ
1137 2506 1412 2560 θηρευτικὸς
1453 2506 1626 2561 ἤγρευέ
1664 2520 1709 2549 τι
1753 2506 1909 2557 (ἐξιὼν
1952 2506 2072 2561 πρὸς
2113 2506 2298 2560 ἄγραν

262 2565 575 2619 ςυνελάμβανέ
605 2579 650 2607 τι
675 2565 964 2619 Aug.),1<0216
995 2562 1279 2617 οἰκουρὸς
1311 2567 1708 2616 ςυμμετεῖχεν
1741 2563 1907 2618 αὐτῷ
1955 2566 2059 2615 τῆς
2090 2559 2299 2615 θοίνης

263 2623 332 2674 (ἐκ
359 2623 533 2665 τούτου
582 2622 717 2676 μέρος
756 2623 832 2664 καὶ
871 2624 941 2676 τῷ
986 2621 1134 2675 ἑτέρῳ
1175 2621 1470 2675 παρέβαλλεν
1510 2622 1657 2675 Aug.).
1691 2619 2086 2672 ἀγανακτοῦντος
2117 2620 2169 2662 δέ
2208 2621 2295 2662 τοθ

263 2682 541 2733 θηρευρικοῦ
574 2678 795 2721 κάκεῖνον
826 2679 919 2730 (καὶ
950 2678 1035 2720 τὸν
1067 2678 1232 2731 ἕτερον
1256 2680 1383 2731 Aug.)
1417 2676 1740 2727 ὀνειδίζοντος,
1774 2676 1873 2729 εἴγε
1907 2676 2053 2719 αὐτὸς
2086 2677 2168 2729 μὲν
2197 2675 2298 2718 καθ’

265 2737 464 2788 ἑκάςτην
499 2737 680 2789 μοχθεῑ,
721 2735 899 2779 ἐκεῖνος
944 2735 994 2777 δὲ
1028 2735 1172 2788 μηδὲν
1203 2737 1366 2777 πονῶν
1397 2738 1501 2776 τοῖς
1534 2734 1682 2776 αὐτοῦ
1714 2732 1946 2788 τρέφεται
1974 2733 2150 2784 πόνοις,
2181 2733 2294 2776 ὑπο-

262 2794 424 2846 λαβὼν
466 2793 612 2836 αὐτὸς
654 2790 892 2844 εἶπε·“μὴ
934 2792 1059 2844 ἐμέ,
1101 2791 1216 2833 ἀλλὰ
1255 2792 1358 2833 τὸν
1399 2791 1695 2844 δεςπότην
1729 2790 1963 2844 μέμφου
1997 2789 2118 2842 (εἴγε
2151 2789 2294 2832 αὐτὸς

266 2850 348 2901 μὲν
387 2850 523 2892 ἐξιὼν
564 2849 720 2892 διόλου
763 2847 982 2902 μοχθοίη,
1021 2849 1047 2890 ό
1088 2849 1138 2891 δὲ
1180 2848 1319 2890 οὐδὲν
1350 2851 1499 2890 ποιῶν
1529 2852 1633 2890 τοῖς
1664 2848 1839 2890 ἑαυτοῦ
1870 2847 2034 2890 πόνοις
2066 2846 2291 2902 ἐντρυφᾷ,

264 2907 441 2950 ἐκεῖνος
471 2906 562 2959 ἔφη
587 2906 702 2960 πρὸς
734 2906 903 2948 αὐτόν’
925 2905 1055 2947 ’ἀλλὰ
1079 2906 1146 2958 μὴ
1182 2905 1277 2957 ἐμὲ
1312 2905 1563 2958 μέμφου,
1594 2904 1699 2947 τὸν
1732 2904 2037 2957 δεςπότην
2067 2903 2296 2960 δέΑιιςψ

265 2963 325 3006 ὃς
364 2963 427 3004 οὐ
466 2967 675 3005 πονεῖν
708 2976 770 3014 με
803 2961 1091 3014 ἐδίδαξεν,
1130 2961 1246 3004 ἀλλὰ
1276 2962 1492 3005 πόνους
1533 2959 1810 3016 ἀλλοτρίους
1853 2960 1976 3011 (ἀλλ’
2021 2958 2296 3014 ἀλλοτρίους

262 3020 438 3062 πόνους
466 3021 598 3073 Aug.)
621 3018 866 3062 ἐςθίειν’.
888 3042 941 3048 -
962 3018 1013 3060 Ὁ
1047 3020 1189 3071 μῦθος
1221 3019 1356 3071 δηλοῖ
1388 3019 1461 3061 ὅτι
1492 3019 1650 3069 (Οὕτω
1682 3019 1814 3072 Aug.)
1839 3019 1916 3060 καὶ
1942 3021 2044 3060 τῶν
2065 3015 2297 3060 παίδων

265 3076 408 3127 (νέων
441 3075 526 3128 fc)
558 3075 601 3118 οἱ
633 3077 811 3129 μηδὲν
842 3075 1044 3118 ἐπιςτά
1064 3089 1230 3127 μενοι
1261 3073 1323 3127 (οἱ
1355 3075 1551 3130 ῥᾴθυμοι
1589 3076 1718 3129 Aug.)
1759 3075 1825 3117 οὐ
1861 3071 2117 3127 μεμπτοί
2147 3070 2296 3116 εἰςιν

264 3133 506 3185 (μεμπτέοι
556 3131 699 3176 εἰςίν
730 3133 882 3186 Aug.),
937 3133 1077 3175 ὅταν
1129 3132 1350 3174 αὐτοὺς
1402 3130 1453 3174 οἱ
1493 3135 1705 3184 γονεῖς
1740 3132 1933 3175 οὕτως
1973 3130 2294 3183 ἀγάγωςιν.

266 3189 334 3235 fc
350 3191 461 3244 Aug.
501 3211 559 3221 —
606 3192 714 3230 1-7
745 3195 845 3230 rest.
880 3188 910 3233 G
1048 3188 1205 3243 [8—9]
1237 3190 1508 3230 hexametros
1537 3194 1638 3230 rest.
1673 3187 1703 3233 G

436 3276 531 3320 209
580 3275 706 3319 Ρ247
737 3291 790 3311 =
821 3273 922 3318 (295
952 3275 1063 3327 Aug.
1097 3276 1176 3315 115
1221 3275 1503 3315 tetrastichon
1545 3275 1662 3327 apud
1704 3274 1927 3315 Millerum
1966 3274 1992 3314 5
2032 3287 2075 3326 p.
2118 3273 2194 3322 19,
2234 3271 2292 3312 cf.

265 3334 491 3374 Eberhard
523 3334 603 3373 158
637 3331 925 3385 Καρκῖνος
957 3330 1048 3373 ἀπὸ
1079 3333 1165 3384 τῆς
1196 3330 1426 3383 θαλάςςης
1457 3329 1679 3383 ἀναβὰς
1712 3329 1806 3372 ἐπί
1845 3341 2010 3372 τινος
2042 3327 2290 3380 ἐνέμετο

264 3389 427 3431 τόπου.
486 3388 678 3441 ἀλώπηξ
726 3388 750 3430 δ
768 3388 789 3430 ὲ
838 3389 889 3430 λι
905 3387 1131 3439 μώττου
1146 3400 1205 3430 ςα
1252 3387 1323 3429 ὡς
1369 3387 1596 3430 ἐθεάςατο
1641 3388 1962 3441 προςελθοῦςα
2004 3384 2293 3437 ἀνέλαβεν

268 3445 454 3487 αὐτόν.
490 3445 513 3487 ό
548 3446 607 3488 δὲ
642 3445 866 3495 μέλλων
889 3444 1342 3497 καταβιβρώςκεςθαι
1374 3444 1489 3496 ἔφη·
1522 3443 1632 3485 ’ἀλλ’
1656 3445 1844 3496 ἔγωγε
1877 3441 2030 3486 δίκαια
2060 3441 2287 3492 πέπονθα,

267 3501 317 3543 ὃς
349 3502 596 3544 θαλάττιος
627 3503 948 3555 ὢνχερςαῖο
965 3513 986 3542 ς
1017 3499 1046 3552 ἠ
1063 3502 1159 3552 βου
1177 3499 1363 3552 λήθην
1385 3500 1626 3552 γενέςθαι’.
1647 3499 1717 3545 fc
1835 3501 1994 3554 Ξηρᾶς
2024 3498 2170 3551 χλόην
2199 3500 2287 3550 γῆς

268 3559 503 3609 ἐπιθυμῶν
551 3562 794 3613 καρκῑνος,
846 3557 1060 3609 Ἀλώπηξ
1106 3557 1402 3609 λιμώττουςα
1446 3560 1621 3599 τοῦτον
1667 3557 1906 3609 λαμβάνει.
1973 3555 2054 3598 Καὶ
2103 3554 2287 3606 μέλλων

267 3614 478 3666 θνήςκειν
511 3617 784 3666 μεταμελῶν
815 3613 1014 3669 ἐθρήνει,
1035 3613 1150 3656 Πῶς
1171 3616 1256 3666 τῆς
1278 3613 1505 3666 θαλάςςης
1528 3613 1716 3667 ἐξῆλθεν
1740 3612 2027 3666 μετοικήςας.
2048 3615 2213 3654 tetrast.
2233 3629 2291 3640 —

269 3673 290 3712 1
322 3676 420 3712 rest.
453 3670 483 3715 G
614 3675 638 3712 2
668 3677 768 3714 rest.
798 3671 1091 3719 Eberhardus,
1121 3672 1196 3724 qui
1225 3675 1450 3723 praeterea
1479 3672 1586 3711 haec
1616 3670 1861 3712 tetrastiehi
1889 3671 2027 3711 verba
2058 3683 2111 3709 ex
2139 3667 2292 3708 fabula

267 3729 486 3768 Babriana
524 3729 775 3783 deprompta
820 3742 914 3770 esse
953 3731 1099 3781 putat:
1147 3728 1289 3779 Ξηρᾶς
1333 3726 1479 3779 χλόην
1509 3729 1660 3780 γῆς..
1692 3727 1775 3774 (ὡς
1796 3729 1833 3777 ‘?)
1865 3728 1950 3779 τῆς
1983 3723 2214 3776 θαλάςςης
2245 3756 2254 3765 .
2278 3755 2287 3764 .

268 3784 558 3837 μετοικήςας’
670 3789 697 3826 4
726 3785 923 3827 ‘Babrius
945 3785 1100 3826 dixerit
1120 3781 1455 3835 δίκαιαπάςχω
1487 3785 1558 3824 vel
1589 3784 1672 3825 ςύν
1703 3782 1808 3836 δίκῃ
1843 3782 2035 3835 πάςχω’.
2061 3779 2290 3822 Eberhard
