2332 4134
1008 494 1085 550 79

364 609 528 672 Κρέας
567 609 710 660 κύων
749 608 971 672 ἔκλεψεν
1011 609 1067 661 ἐκ
1106 610 1418 672 μαγειρείου,

360 695 444 746 καὶ
484 695 547 757 δὴ
587 695 775 761 παρῄει
814 694 1082 757 ποταμόν·
1124 695 1180 746 έν
1220 696 1279 746 δὲ
1317 700 1393 761 τῷ
1435 694 1627 758 ῥείθρῳ

357 781 494 832 πολὺ
532 784 628 832 τοῦ
669 782 838 844 κρέως
877 780 1060 833 ἰδοῡςα
1099 783 1195 844 τὴν
1234 782 1373 844 ςκιὴν
1413 781 1572 845 μείζω

361 866 425 918 τὸ
464 867 622 929 κρέας
661 867 849 930 ἀφῆκε,
888 870 950 933 τῇ
992 870 1099 933 ςκιῇ
1141 867 1187 918 δ’
1228 867 1536 931 ἐφωρμήθη.

363 950 475 1004 ἀλλ’
513 951 624 1004 οὔτ’
665 952 865 1015 ἐκείνην
905 952 1058 1016 εὗρεν
1096 952 1211 1004 οὔθ’
1252 953 1282 1003 ὃ
1323 954 1571 1018 βεβλήκει,
2057 966 2083 1003 5

363 1041 590 1090 πεινῶςα
630 1037 677 1090 δ’
717 1038 884 1090 ὀπίςω
925 1039 1021 1090 τὸν
1059 1039 1233 1103 πόρον
1273 1041 1472 1108 διεξῄει.

435 1123 570 1192 [βίος
608 1123 852 1190 ἀβέβαιος
891 1127 1090 1177 παντὸς
1131 1124 1329 1189 ἀνδρὸς
1368 1125 1634 1188 ἀπλήςτου

365 1211 525 1262 ἑλπίςι
563 1211 801 1274 ματαίαις
839 1211 1167 1275 πραγμάτων
1206 1210 1528 1279 ἀναλοῦται]

1010 1399 1095 1454 80

367 1513 607 1577 Κάμηλον
645 1513 907 1576 ἠνάγκαζε
947 1514 1203 1576 δεςπότης
1241 1514 1410 1566 πίνων

368 1598 593 1663 ὀρχεῑςθ’
633 1599 720 1652 ὑπ’
761 1599 939 1652 αὐλοῖς
977 1600 1256 1665 κυμβάλοις
1294 1618 1350 1652 τε
1390 1601 1660 1664 χαλκείοις.

368 1686 400 1748 ἡ
440 1684 487 1737 δ’
526 1684 651 1738 εἶπ’·
691 1679 824 1749 (ἐμοὶ
862 1687 1068 1747 γένοιτο
1109 1686 1207 1738 κάν
1247 1686 1360 1756 ὁδῷ
1404 1687 1596 1750 βαίνειν

364 1773 432 1837 μὴ
471 1773 871 1834 καταγέλαςτον,
910 1774 1029 1837 μήτι
1065 1773 1325 1836 πυρρίχην
1363 1773 1598 1826 παίζειν.)

194 1887 511 1952 Ἀντίρρηςιν
546 1888 576 1940 ὁ
612 1888 771 1950 λόγος
810 1889 914 1952 ἔχει
952 1890 1097 1952 παρὰ
1135 1892 1244 1940 τῶν
1283 1889 1582 1953 ςωφρόνως
1620 1892 1716 1952 ζῆν
1753 1890 2087 1953 αἱρουμένων

25 1974 161 2038 πρὸς
198 1974 324 2027 τοὺς
363 1975 421 2027 ἐν
460 1975 554 2044 βίῳ
595 1975 720 2028 κενὰ
760 1976 1186 2039 ε’πινοουμένους.

1019 2162 1093 2218 81

371 2278 559 2341 Κερδοῐ
595 2278 816 2341 πίθηκος
856 2276 1024 2330 εἶπεν·
1065 2272 1147 2342 ’ἣν
1187 2277 1318 2345 ὁρᾷς
1358 2277 1561 2340 ςτήλην,

320 2432 325 2438 ²
370 2363 485 2426 ἐμοὶ
523 2365 742 2431 πατρῴη
782 2362 828 2414 τ’
868 2364 970 2415 έςτὶ
1009 2362 1123 2415 κᾶτι
1162 2362 1430 2430 παππῴη.’

370 2450 543 2512 κερδὼ
582 2450 786 2517 πιθήκῳ
827 2450 1009 2514 φηςίν·
1051 2449 1141 2501 ‘liic
1180 2450 1343 2500 θέλεις
1382 2434 1587 2512 ψεύδου

371 2534 588 2598 ἔλεγχον
628 2535 726 2587 οὐκ
764 2535 956 2599 ἔχουςα
994 2539 1087 2599 τῆς
1127 2534 1402 2598 ἀληθείηςῖ

443 2619 628 2687 [κακοῦ
667 2622 803 2685 πρὸς
842 2621 1040 2685 ἀνδρός
1080 2622 1181 2673 έςτι
1217 2622 1283 2684 μὴ
1322 2623 1509 2685 φυγεῖν
1546 2623 1762 2684 ψεῦδος,
2066 2635 2090 2672 5

372 2705 438 2758 ἂν
475 2707 753 2759 λανθάνειν
793 2707 1125 2771 ψευδόμενος
1164 2705 1396 2770 εὐχερῶς
1434 2705 1625 2774 μέλλῃ.]

200 2819 386 2873 Οὕτως
424 2821 475 2873 οἱ
512 2822 628 2873 λίαν
667 2821 991 2886 ψευδολόγοι
1024 2821 1145 2872 τότε
1179 2820 1395 2884 μάλιςτα
1432 2822 1959 2883 καταλαζονεύονται,
2000 2820 2090 2874 ὅτε

29 2905 156 2958 τοὺς
193 2907 439 2970 ἐλέγχους
478 2907 587 2960 κατ’
628 2907 755 2972 ὄψιν
794 2908 893 2960 οὐκ
930 2907 1118 2970 έχουςι.

203 3125 264 3168 79
303 3124 338 3168 Α
378 3126 467 3165 7—-
481 3126 506 3166 8
547 3125 788 3179 Georgides
827 3125 981 3166 Gnom.
1020 3125 1041 3164 I
1085 3139 1127 3178 p.
1163 3126 1214 3164 17
1263 3124 1362 3166 366
1406 3124 1625 3167 1³:339-
1568 3140 1624 3146 --
1666 3121 1822 3166 0209ss
1873 3121 2066 3165 02091-
2035 3122 2093 3152 -5

31 3178 142 3235 Aug.
167 3183 247 3222 132
277 3201 336 3211 -
376 3184 401 3222 2
432 3183 604 3236 παρῄει
635 3181 669 3226 Α
701 3181 847 3236 (παρὰ
877 3181 1096 3233 ποταμόν
1127 3194 1232 3222 τινα
1266 3174 1431 3235 φέρων
1464 3180 1605 3235 κρέας
1639 3179 1698 3225 03
1729 3182 1946 3231 ποταμοῦ
1979 3181 2093 3232 πλη-

35 3235 132 3280 ςίον
170 3238 493 3292 tetrastichon)]
537 3239 728 3294 διεπέρα
762 3241 794 3283 Β
837 3239 1038 3291 διέβαινε
1072 3238 1176 3283 01·-
1139 3239 1199 3269 -2
1229 3238 1343 3292 Aug.
1374 3239 1718 3292 περαιούμενος
1761 3237 1811 3279 δε
1849 3236 2000 3278 αὐτὸν
2033 3236 2093 3282 05

38 3293 186 3352 [7-8]
224 3295 330 3340 L=
352 3297 567 3350 promyth.
592 3297 623 3340 Β
709 3299 734 3338 8
768 3295 983 3349 ματαίων
1016 3295 1258 3350 Georgides

204 3395 269 3440 80
299 3395 335 3440 Α
365 3396 567 3441 3b—4S
602 3395 840 3451 (πυρρίχη)
875 3396 1076 3440 1:353:
1098 3395 1128 3440 G
1142 3397 1226 3436 105
1257 3415 1316 3424 —
1347 3399 1371 3436 2
1405 3356 1562 3449 αι’)λ(ι)”γιςε
1585 3397 1673 3447 (οῖς
1708 3396 2015 3448 suprascripsit
2036 3409 2092 3435 m.

3 3502 6 3504 v
35 3452 143 3502 ant.)
173 3451 208 3496 Α
331 3456 356 3494 3
388 3455 428 3496 κ’
460 3453 518 3496 ἂν
549 3453 584 3498 Α
715 3457 742 3494 4
775 3453 892 3506 μήτε
925 3454 956 3497 8
988 3453 1190 3494 nonnulli
1218 3455 1321 3494 libri
1427 3453 1540 3496 ἄνευ
1574 3452 1787 3504 γέλωτος
1821 3450 1931 3504 μήτι
1961 3452 2001 3492 κ’
2035 3451 2092 3493 ἂν

35 3505 165 3563 χόρῳ
197 3508 379 3554 παίζειν
410 3513 444 3555 Α

201 3579 255 3624 81
289 3582 324 3626 Α
358 3584 445 3622 1-
459 3581 533 3628 28
567 3580 798 3635 (πίθηκος)
839 3583 962 3626 Ι-’334
993 3599 1046 3618 z
1081 3579 1234 3626 (23741
1268 3580 1506 3626 03742-
1456 3598 1508 3604 —
1539 3581 1651 3633 Aug.
1677 3581 1730 3620 14
1772 3601 1832 3611 -—
1883 3583 1903 3620 1
1938 3580 2091 3634 κερδὼ

35 3637 218 3695 πιθήκῳ
242 3638 383 3694 φηςίν
405 3640 440 3684 Α
455 3639 487 3685 8
521 3645 563 3680 et
585 3643 609 3680 3
631 3639 790 3694 κερδοῖ
815 3637 1011 3692 πίθηκος
1034 3639 1162 3681 εἶπεν
1185 3639 1242 3691 Α;
1275 3638 1551 3679 hemistichia
1575 3640 1844 3690 transposuit
1864 3639 2092 3691 Bergkius,

36 3701 166 3749 reete,
197 3703 246 3738 ut
277 3702 460 3752 apparet
490 3711 543 3738 ex
574 3696 604 3741 G
624 3698 735 3751 Aug.
847 3699 871 3737 2
895 3697 937 3738 τ’
960 3696 994 3739 Α
1012 3694 1063 3749 8]
1087 3696 1220 3738 τουτ’
1241 3695 1272 3740 S
1299 3697 1500 3737 nonnulli
1523 3696 1624 3735 libri
1712 3694 1817 3737 κᾶτι
1839 3694 1986 3762 Toup]
2019 3693 2096 3736 καί

10 3764 84 3802 ,τι
111 3759 188 3795 aut
215 3754 314 3797 κέτι
348 3753 379 3799 8
411 3755 514 3795 libri
602 3753 688 3807 ἐμὴ
722 3754 942 3807 πατρώια
974 3755 1015 3795 τ’
1038 3753 1132 3795 ἐςτὶ
1164 3752 1235 3794 κα
1247 3753 1350 3805 ’μὴ
1385 3755 1612 3795 παππῶια
1634 3751 1669 3794 Α
1758 3755 1785 3792 4
1816 3750 2038 3805 ἀληθείας
2061 3751 2096 3795 Α

40 3807 189 3864 [5—6]
221 3812 431 3853 Duebner
463 3811 491 3855 Ι.
610 3814 635 3851 5
668 3815 841 3864 φυγεῖν
872 3809 974 3864 Fix]
1010 3809 1208 3862 φεύγειν
1240 3809 1274 3853 Α
1393 3810 1451 3851 ἂν
1484 3807 1648 3863 Bergk]
1683 3809 1771 3851 κᾶν
1804 3809 1838 3853 Α
