2332 4134
1092 256 1303 306 -46
1377 285 1447 290 -.

1227 441 1308 497 89

583 545 753 598 Λύκος
791 542 908 595 ποτ’
948 542 1084 606 ἄρνα
1122 541 1521 604 πεπλανημένον
1558 540 1779 603 ποίμνης

583 630 711 682 ἰδὼν
751 629 830 697 βίῃ
870 629 963 691 μὲν
1001 627 1099 679 οὐκ
1137 627 1362 690 ἐπῆλθεν
1402 625 1669 690 ἁρπάξων,

584 715 811 777 ἔγκλημα
849 712 895 766 δ’
935 712 1126 776 ἔχθρας
1166 712 1517 775 εὐπρόςωπον
1558 711 1741 774 ἐζήτει.

586 799 669 852 εςύ
708 801 789 851 τοί
827 816 888 863 με
926 799 1105 862 πέρυςι
1144 797 1324 862 μικρὸς
1363 798 1438 849 ὢν
1478 794 1852 861 ἐβλαςφήμεις.’

583 886 705 952 ,ἐγὼ
746 885 808 936 οὐ
849 883 1138 947 περυςινός,
1180 879 1318 951 <ῶς>
1359 880 1440 933 ἐπ’
1478 881 1597 934 ἔτος
1635 878 1955 944 ἐγεννήθηνὲ
2270 892 2298 929 5

583 969 804 1022 (οὐκοῦν
843 970 901 1021 ςὺ
939 970 1035 1033 τὴν
1075 967 1312 1032 ἄρουραν
1351 970 1416 1032 ἣν
1455 967 1561 1032 ἔχω
1601 966 1837 1031 κείρεις;’

584 1055 753 1123 ,οὔπω
793 1072 838 1106 τι
877 1054 1088 1118 χλωρὸν
1126 1053 1331 1118 ἔφαγον
1369 1051 1484 1106 οὐδ’
1523 1049 1845 1118 ἐβοςκήθηνέ

586 1138 725 1192 (οὐδ’
763 1138 867 1203 ἆρα
906 1140 1075 1203 πηγὴν
1115 1139 1422 1191 ἐκπέπωκας
1459 1140 1524 1202 ἣν
1562 1136 1752 1203 πίνω;’

582 1226 730 1293 ,θηλὴ
769 1226 1003 1289 μεθύςκει
1040 1225 1186 1289 μέχρι
1223 1227 1319 1276 νῦν
1357 1241 1418 1288 με
1456 1222 1706 1292 μητρῴηὲ

583 1311 704 1362 τότε
744 1312 807 1374 δὴ
847 1311 942 1362 τὸν
983 1309 1117 1373 ἄρνα
1156 1310 1426 1374 ςυλλαβών
1463 1326 1520 1361 τε
1558 1309 1642 1361 καὶ
1678 1309 1901 1373 τρώγων
2244 1319 2297 1357 10

583 1394 722 1448 ’ἀλλ’
762 1397 858 1448 οὐκ
899 1393 1173 1447 ἄδειπνον’
1213 1392 1326 1447 εἶπε
1365 1392 1486 1446 (τὸν
1523 1394 1684 1446 λύκον
1723 1394 1908 1457 θήςεις,

584 1480 681 1533 κᾶν
719 1481 948 1545 εὐχερῶς
985 1496 1085 1544 μου
1124 1481 1295 1531 πᾶςαν
1334 1478 1501 1543 αἰτίην
1540 1478 1725 1548 λύςῃς.’

415 1581 530 1633 Ὅτι
569 1582 692 1633 τοὺς
730 1582 879 1646 φύςει
917 1580 1186 1644 πονηροὺς
1231 1580 1315 1632 καὶ
1363 1578 1577 1631 ἀδίκους
1625 1578 1740 1632 οὐδ’
1779 1579 1997 1642 εὔλογος
2035 1577 2296 1641 ἀπολογία

243 1668 425 1721 πείθει.

583 1908 734 1961 Λέων
774 1909 969 1962 ἐλύςςα.
1029 1909 1124 1961 τὸν
1163 1910 1222 1960 δὲ
1261 1908 1449 1972 νεβρὸς
1489 1908 1542 1962 ἐξ
1580 1907 1704 1971 ὕλης

578 1993 706 2047 ἰδὼν
745 1995 960 2060 ἐφηςεν·
1000 1993 1202 2058 “ἡμέων
1239 1995 1616 2057 ταλαιπώρων·

581 2080 629 2130 τί
666 2080 766 2143 γὰρ
806 2081 1044 2143 μεμηνὼς
1082 2078 1241 2131 οὗτος
1281 2078 1400 2142 οὐχὶ
1438 2079 1653 2142 ποιήςει,

585 2165 644 2216 ὃς
681 2164 746 2229 ἦν
785 2166 1025 2230 φορητὸς
1063 2165 1191 2217 οὐδὲ
1230 2167 1528 2229 ςωφρονῶν
1566 2163 1715 2228 ἥμιν.>

412 2265 562 2329 Πρὸς
601 2263 768 2328 ἄνδρα
807 2265 955 2328 φύςει
992 2263 1206 2327 ὀργίλον
1241 2265 1325 2315 καὶ
1363 2263 1653 2327 αἱμοβόρον
1690 2262 1927 2316 ἐξουςίαν
1963 2261 2128 2327 ἀρχῆς
2161 2263 2294 2315 κατὰ

242 2352 350 2402 τῶν
389 2349 641 2412 ὑπηκόων
680 2350 1028 2414 λαμβάνοντα.

583 2617 783 2670 Λέοντα
823 2619 1040 2684 φεύγων
1077 2621 1273 2680 ταῦρος
1312 2617 1382 2668 εἰς
1422 2618 1671 2681 ἐρημαίην

587 2704 851 2767 ςπήλυγγα
891 2706 1078 2756 κατέδυ
1117 2705 1381 2766 ποιμένων
1422 2703 1758 2768 ὀρειφοίτων,

585 2788 723 2841 ὅπου
763 2791 956 2853 τράγος
993 2806 1068 2840 τις
1106 2789 1266 2852 χωρὶς
1305 2788 1529 2840 αἰπόλου
1569 2789 1745 2852 μείνας

585 2874 680 2926 τὸν
719 2878 916 2938 ταῦρον
957 2873 1163 2938 ἐμβάντ’
1202 2873 1268 2925 αὖ
1307 2874 1512 2937 κέραςιν
1551 2873 1745 2927 ἐξώθει.

586 2958 617 3011 ὁ
656 2960 703 3011 δ’
742 2958 910 3011 εἶπεν·
951 2959 1030 3011 ‘01³1
1071 2960 1148 3021 ςέ,
1187 2961 1283 3012 τὸν
1322 2961 1510 3012 λέοντα
1549 2958 1594 3010 δ’
1634 2959 1866 3011 ἐκκλίνω.
2268 2973 2296 3012 5

586 3043 833 3109 ἀνέξομαί
873 3062 963 3096 ςου
1003 3045 1156 3109 μικρὰ
1194 3049 1286 3108 τῆς
1327 3045 1599 3119 ἐπηρείηςῇ

415 3258 477 3303 89
507 3259 539 3303 Α
571 3259 667 3302 383
709 3259 827 3303 Ι-’101
859 3276 917 3296 =
947 3259 976 3304 G
1008 3275 1050 3314 p.
1080 3262 1163 3301 378
1198 3259 1228 3304 G
1260 3259 1439 3302 2291-3
1482 3279 1540 3289 —
1589 3262 1614 3300 2
1648 3258 1723 3316 βίᾳ
1753 3260 1788 3305 Α
1903 3263 1932 3302 4
1962 3260 2014 3304 ςύ
2046 3258 2122 3303 τοί
2152 3258 2204 3313 G]
2238 3260 2291 3303 ςὺ

245 3313 291 3358 τί
322 3315 356 3359 Α
388 3316 439 3358 ςὺ
473 3314 532 3369 δή
563 3316 710 3370 Bergk
827 3318 852 3357 5
884 3316 979 3369 ἐγὼ
1012 3316 1067 3360 οὐ
1099 3315 1153 3370 Α]
1187 3316 1282 3368 ἐγώ
1317 3330 1363 3360 ce
1393 3318 1526 3358 Halm
1557 3316 1654 3370 ἑγὼ
1687 3317 1743 3360 οὐ
1778 3317 1825 3361 ςὲ
1854 3319 1940 3359 Fix
2029 3316 2291 3372 περυςινός,

246 3369 363 3429 (ὡς)
397 3371 447 3426 G]
479 3372 724 3427 περυςινός
754 3372 789 3417 Α
829 3373 1099 3428 περυςινός,
1140 3374 1193 3416 ὅς
1222 3375 1264 3425 γ’
1297 3375 1347 3416 G.
1380 3375 1605 3416 Hermann
1639 3374 1853 3429 πέρυςιν,
1894 3374 1946 3418 ὅς
1974 3374 2019 3427 γ’
2047 3374 2180 3415 Halm
2210 3375 2295 3415 Fix

247 3432 272 3470 6
305 3429 397 3482 ἔχω
421 3428 473 3482 Α]
508 3430 627 3472 ‘sm-t.
657 3428 778 3482 ἐγὼ’
808 3430 1113 3471 Schneidewin
1142 3429 1302 3473 ’ἀλλὰ’
1335 3432 1448 3484 φηςὶ
1480 3431 1590 3484 ι’τὴν
1622 3431 1834 3487 ἄρουράν
1866 3442 1954 3484 μου
1985 3429 2226 3486 ἑπιβόεκῃ’
2258 3431 2291 3476 Β

249 3488 276 3540 94
308 3489 506 3540 μητρῷα
538 3487 571 3530 Α
690 3489 741 3527 12
773 3483 930 3529 αἰτίαν
961 3486 995 3530 Α
1082 3485 1253 3528 ‘malim
1284 3487 1421 3543 λύῃς’
1450 3489 1535 3529 Fix

417 3556 482 3600 90
512 3556 806 3611 AV.(Knoell
835 3573 875 3612 p.
901 3560 1001 3609 675)
1035 3559 1067 3602 Β
1085 3561 1138 3599 74
1169 3556 1294 3600 [2348
1326 3559 1528 3612 (tetrast.)
1566 3579 1625 3589 —
1665 3563 1692 3601 4
1722 3561 1837 3614 ἡμῖν
1867 3559 1902 3605 Α

390 3627 472 3687 391
499 3628 534 3672 Α
567 3629 664 3672 872
696 3647 750 3666 =
782 3628 936 3674 62771
979 3649 1037 3659 -
1081 3633 1108 3671 4
1148 3630 1341 3683 ἐμβάντ’
1373 3631 1431 3673 αὖ
1465 3629 1516 3684 G]
1555 3631 1764 3685 ἐμβάντα
1802 3634 1904 3674 τοῖς
1933 3631 1969 3676 Α
2007 3629 2151 3684 ἐμβὰς
2188 3633 2292 3674 τοῖς

245 3684 391 3738 Bergk
453 3699 531 3739 pro
563 3688 695 3727 3--4
726 3687 759 3731 Β
782 3687 841 3731 cl
880 3687 989 3728 haec
1023 3688 1209 3728 habent:
1250 3687 1425 3741 τράγος
1467 3688 1517 3730 δὲ
1557 3691 1732 3732 τοῦτον
1771 3691 1876 3731 τοῖς
1911 3687 2096 3743 κέραςιν
2128 3686 2292 3732 ἐξώθει

246 3742 271 3781 5
304 3739 501 3784 ἑκκλίνω
533 3756 667 3798 marg.
697 3742 751 3797 Α]
786 3746 1024 3797 φοβοῦμαι
1057 3745 1088 3788 Β
1113 3744 1142 3789 c
1676 3763 1681 3768 ¹
1768 3760 1772 3766 ·
