2332 4134
871 274 1262 326 —121—

386 413 581 484 <“ἀλλ’>
624 413 672 466 εἴ
708 412 817 484 <γ’>
859 416 1101 477 ἀπιςτεῑς,
1140 416 1280 481 δεῦρ’
1327 415 1492 487 <ἄγ’>,
1534 418 1681 471 ἑςτιῶ
1721 420 1758 472 ς’
1802 421 1936 483 ἐγώ’.

385 500 415 554 ὁ
455 499 499 553 δ’
541 500 818 564 ἠκολούθει
856 500 1047 554 κούδὲν
1085 502 1243 555 ἔνδον
1281 502 1346 567 ἦν
1390 502 1643 573 <ςπέους>

385 582 563 654 <ἄλλ’>
600 585 631 648 ἢ
673 586 882 647 λαγωὸς
920 589 1132 640 δεῖπνος
1174 586 1313 658 <ὢν>
1345 587 1590 643 ἀλώπεκι.
2066 605 2090 645 5

389 670 420 723 6
461 669 506 723 δ’
546 669 688 723 εἶπε·
734 670 837 722 “ςὺν
875 677 1018 741 κακῷ
1054 674 1164 737 μέν,
1204 673 1336 726 ἀλλὰ
1374 676 1626 739 μανθάνω

385 758 476 808 ςοῦ
515 754 728 820 τοῦνομ’
772 756 998 809 ὁπόθεν·
1039 758 1142 811 ἐςτὶ
1185 758 1350 829 <γὰρ>
1393 760 1500 813 ἀπὸ
1539 765 1635 814 τοῦ
1674 763 1899 816 δολοῦν.’

383 841 666 910 [ςυνέβαινε
705 843 1015 907 περιέργοιςι
1051 845 1301 898 πολλάκις
1339 845 1538 917 κακόν]

382 1068 543 1122 Ὄνος
580 1068 699 1122 ποτ’
738 1069 851 1123 εἶπε
891 1072 1167 1125 ταλανίςας
1206 1072 1371 1126 αὑτοῦ
1411 1075 1598 1138 τύχην·

387 1153 776 1219 (ἀχθηφορήςας
814 1157 1070 1222 τρύχομαι
1108 1158 1291 1222 γόμων
1330 1158 1491 1223 βάρει,

384 1239 491 1292 ἀλλ’
533 1239 660 1295 οὐδέ
704 1239 815 1311 <γ’>
859 1241 1060 1306 ἄχυρον
1099 1242 1172 1295 εἰς
1209 1243 1374 1307 κόρον
1416 1242 1583 1313 <μου>
1626 1245 1889 1310 λαμβάνω.

383 1325 544 1378 ἵππος
581 1327 751 1391 μάκαρ
793 1329 889 1392 μὲν
931 1327 1177 1393 ἄφθονον
1214 1331 1422 1394 τροφὴν
1460 1330 1581 1394 ἔχει,

383 1411 487 1464 ὑπὸ
528 1411 572 1464 δ’
613 1412 814 1465 ἱππέως
853 1414 1091 1479 χαίτωμα
1128 1417 1507 1470 καλλωπίζεται
2063 1430 2088 1470 5

385 1498 633 1563 ὁςημέραι
670 1515 726 1551 τε
764 1499 975 1551 λούεται
1012 1503 1122 1552 τοῖς
1159 1500 1353 1553 ὕδαςιν.

383 1585 620 1648 λαμπρὸς
658 1584 852 1653 χαλίνῳ
893 1583 936 1636 δ’
981 1585 1084 1637 ἐςτὶ
1120 1587 1204 1638 καὶ
1242 1587 1520 1651 μετωπίςιν

385 1670 638 1739 ἀνειμένῳ
677 1688 733 1722 τε
773 1671 979 1735 κοῦφός
1019 1671 1154 1724 ἐςτιν
1193 1672 1223 1724 6
1264 1672 1498 1737 δρόμος’.

49 1827 233 1879 ςτεῖὅ,
265 1827 374 1880 ἔφη
408 1826 618 1882 <δεῦρο,
650 1826 764 1879 ἐγὼ
799 1826 966 1870 ἑςτιῶ
1001 1827 1091 1871 (ε’.
1133 1827 1158 1870 6
1192 1828 1251 1871 δέ
1283 1827 1621 1881 ἠκολούθει·
1673 1829 1875 1882 καὶῆν
1918 1829 2092 1872 ἔνδον

50 1885 221 1929 οὐδὲν
251 1885 280 1937 ἢ
312 1884 544 1936 λαγωός
576 1884 820 1928 δεῖπνος
858 1888 916 1939 τῇ
964 1884 1237 1928 ἀλώπεκι.
1271 1886 1296 1928 6
1330 1885 1388 1928 δέ
1419 1885 1606 1938 λαγωὸς
1638 1886 1756 1939 ἔφη·
1790 1886 1901 1930 εςὺν
1932 1890 2087 1941 κακῷ

52 1943 173 1996 μέν,
204 1941 329 1985 ἀλλ’
360 1941 536 1994 ἔμαθόν
570 1955 667 1985 ςου
700 1941 765 1984 τὸ
799 1941 983 1995 ὄνομα
1022 1942 1203 1985 πόθεν
1236 1941 1419 1985 ἐςτίν·
1451 1942 1538 1986 οὐκ
1569 1942 1661 1986 ἀπὸ
1693 1946 1779 1985 τοῦ
1812 1942 2088 1999 κερδαίνειν,

50 1999 173 2044 ἀλλ’
204 1998 316 2042 ἀπὸ
347 2001 452 2041 τοῦ
487 1998 735 2042 δολοῦν’.
779 2021 837 2030 -
869 1998 1016 2055 1—[8]
1048 2005 1148 2041 rest.
1182 1999 1213 2044 G

215 2056 311 2101 220
359 2057 392 2100 Β
412 2058 493 2097 103
541 2057 568 2101 F
589 2058 668 2097 151
702 2074 756 2092 =
790 2058 819 2102 G
849 2072 891 2110 p.
924 2060 1006 2099 311
1040 2056 1239 2102 G581-2
1271 2057 1521 2109 (Eberhard
1538 2058 1665 2099 Anal.
1686 2059 1816 2099 Babr.
1841 2073 1883 2112 p.
1908 2059 2002 2110 188,
2030 2060 2097 2106 15)

49 2115 216 2158 Ὄνος
254 2113 340 2156 τὸν
380 2112 523 2156 ἵππον
555 2113 803 2168 ἐμακάριζε
836 2114 912 2157 διὰ
942 2115 1034 2167 τὴν
1066 2115 1256 2169 τροφὴν
1288 2116 1364 2156 καὶ
1400 2115 1490 2167 τὴν
1522 2114 1799 2169 θεραπείαν,
1841 2115 2016 2157 ἑαυτὸν
2047 2115 2097 2157 δέ

49 2171 359 2216 ἐταλάνιζε
399 2171 476 2213 καὶ
515 2171 606 2224 τὴν
655 2171 871 2213 ἑαυτοῦ
913 2172 1124 2225 τύχην,
1174 2172 1246 2214 ὅτι
1286 2171 1616 2226 ἀχθοφορεῖ
1657 2173 1733 2214 καὶ
1780 2170 1914 2225 ὀλίγη
1964 2172 2096 2226 αὐτῷ

50 2229 172 2274 ἐςτιν
207 2229 238 2281 ἡ
277 2228 458 2283 τροφή,
504 2229 530 2271 6
571 2228 622 2271 δέ
659 2227 799 2271 ἵππος
840 2229 1278 2281 κεκοςμημένος
1308 2232 1394 2283 τῷ
1426 2231 1644 2284 χαλινῷ
1676 2230 1770 2271 καὶ
1800 2242 2100 2283 προμετω-

49 2284 377 2331 πιδίοιςκαὶ
408 2288 630 2339 κοῦφος
663 2285 796 2341 αὐτῷ
829 2285 854 2329 ὁ
889 2285 1117 2340 δρόμος.
1177 2289 1362 2328 ταῦτα
1393 2289 1495 2328 τοῦ
1530 2286 1668 2328 ὄνου
1701 2287 2096 2339 λογιζομένου

50 2343 253 2396 ἐπέςτη
299 2343 555 2395 πολέμου
587 2343 809 2398 καιρός.
861 2344 938 2385 καὶ
969 2343 995 2385 6
1027 2343 1324 2397 ςτρατιώτης
1358 2342 1474 2394 μετὰ
1506 2346 1607 2386 τῶν
1639 2343 1800 2386 ὅπλων
1833 2343 1977 2397 ἐπέβη
2011 2346 2098 2386 τοῦ

50 2399 193 2445 ἵππου
239 2401 317 2442 καὶ
363 2400 534 2453 μέςον
578 2404 694 2443 τῶν
742 2399 1037 2452 πολεμίων
1083 2398 1256 2444 εἰςίει.
1302 2401 1378 2443 καὶ
1425 2401 1450 2442 6
1496 2399 1669 2443 ἵππος
1715 2401 1877 2444 κεςτὸς
1909 2403 2009 2454 (em.
2044 2400 2097 2449 ῦς

54 2457 186 2512 μέςος
218 2457 250 2501 Β
283 2456 458 2512 [μέςος]
497 2458 678 2511 Knoell)
709 2461 812 2500 τοῖς
851 2456 1027 2511 ξίφεςιν
1067 2458 1265 2501 ἔκειτο
1303 2455 1668 2526 τραυματίας
1699 2459 1775 2500 καὶ
1808 2470 2099 2512 ψυχορρα-

45 2528 215 2617 Ῑὸἵΐ(
228 2515 948 2627 μτῗῖξὲάέᾶέἕάξὲεἷὴῖπέοξώ
965 2527 1073 2614 &RV
1096 2515 1442 2627 τῗηνὸᾪῖἓφὶἵῑ
1466 2515 2033 2626 κὶῗνθὲξέἕεῖαῧῗέᾏξῖν·
2050 2516 2101 2614 δῖ

51 2629 264 2673 ἑαυτοῦ
296 2629 479 2683 τύχην
502 2629 815 2684 ἐμυκτέριζεν,
849 2629 914 2672 ὡς
947 2628 1087 2682 ἀχθο
1103 2633 1438 2684 φοροῦντος
1468 2628 1618 2671 πολλὰ
1641 2631 1717 2671 καὶ
1739 2633 2002 2672 κοπιῶντος
2024 2630 2104 2671 καὶ

54 2686 210 2730 οὐδὲ
241 2685 490 2741 ἄχυρον
529 2684 628 2730 εἰς
664 2687 865 2742 κόρον
906 2686 1393 2739 λαμβάνοντος.
1427 2686 1568 2729 ἐπεὶ
1602 2687 1666 2729 δὲ
1698 2686 1942 2740 ἐπέςτη
1975 2699 2103 2728 και-

53 2743 165 2799 ρὸς
193 2743 486 2796 πολέμου
520 2744 596 2786 καὶ
627 2744 653 2787 6
686 2744 983 2798 ςτρατιώτης
1017 2744 1099 2787 ςὺν
1131 2748 1234 2787 τοῖς
1256 2744 1416 2787 ὅπλοις
1450 2743 1593 2796 ἐπέβη
1628 2744 1716 2786 ἐπὶ
1747 2744 1818 2786 τὸ
1839 2757 1866 2786 ν
1896 2743 2101 2786 ἵππον

50 2802 127 2845 καὶ
173 2801 267 2844 ὧδε
311 2799 494 2844 κάκεῖςε
538 2804 714 2844 τοῦτον
760 2803 981 2855 ἤλαυνεν,
1029 2801 1095 2844 ὡς
1141 2799 1205 2844 εἰς
1253 2800 1449 2854 μέςον
1497 2801 1578 2853 ἔβη
1626 2804 1726 2843 τῶν
1757 2801 2102 2854 πολεμούντων

45 2857 266 2912 ξιφήρης,
306 2858 332 2901 6
362 2857 562 2901 ἵππος
600 2859 817 2911 (distinxit
848 2858 902 2908 ῦς
934 2858 1289 2910 πολεμούντων,
1321 2858 1523 2913 ξιφήρης
1556 2859 1601 2903 F)
1635 2859 1856 2901 ἔκειτο
1890 2857 1960 2900 ἐπ’
1992 2857 2095 2900 ἐδά-

50 2927 196 2969 φους·
245 2915 325 2958 ὡς
363 2915 479 2958 οὖν
525 2915 697 2971 ἑώρα
743 2919 994 2959 τοῦτον
1042 2916 1067 2958 6
1115 2915 1295 2967 ὄνος,
1328 2915 1469 2959 εὐθὺς
1503 2915 1816 2967 μετεβάλλετο
1847 2916 2100 2957 καὶτὸν

54 2970 255 3016 ἵππον
286 2970 400 3025 ἠλέ
420 2986 487 3016 ει.
522 2972 550 3017 F
639 2974 784 3017 Ὄνος
808 2973 950 3016 ἵππον
984 2972 1260 3027 ἐμακάριζεν
1294 2974 1359 3016 ὡς
1390 2972 1676 3026 ἀφθόνως
1706 2972 2006 3027 τρεφόμενον
2029 2972 2106 3014 καὶ

53 3027 281 3081 ἐπιμελῶς
327 3029 471 3072 αὐτὸς
519 3030 625 3083 μηδ’
663 3029 856 3086 ἀχύρων
904 3030 1002 3073 ἅλις
1042 3030 1167 3083 ἔχων
1207 3031 1283 3072 καὶ
1321 3034 1475 3072 ταῦτα
1512 3031 1706 3073 πλεῖςτα
1753 3031 2088 3083 ταλαιπωρῶν.

55 3085 176 3130 ἐπεὶ
207 3086 485 3141 δὲκαιρὸς
515 3087 758 3141 ἐπέςτη
791 3087 1090 3138 πολέμου
1114 3086 1862 3142 καὶόςτρατιώτηςένοπλος
1894 3085 2099 3137 ἀνέβη

54 3142 142 3187 τὸν
161 3141 304 3187 ἵππον
334 3144 700 3197 πανταχόςε
741 3148 916 3187 τοῦτον
949 3144 1183 3198 ἐλαύνων,
1228 3145 1304 3186 καὶ
1336 3145 1393 3197 δὴ
1427 3145 1503 3186 καὶ
1537 3143 1736 3195 μέςον
1766 3147 1895 3185 τῶν
1927 3143 2105 3185 πολε-

56 3199 221 3254 μίων
252 3198 460 3254 εἰςήλαςε
491 3203 568 3244 καὶ
599 3202 624 3245 6
655 3201 852 3245 ἵππος
896 3202 1091 3253 πληγεὶς
1137 3202 1373 3244 ἔκειτο.
1433 3204 1587 3243 ταῦτα
1631 3200 1788 3243 πάντα
1822 3199 2046 3253 ἑωρακὼς
2078 3198 2104 3240 6

56 3256 166 3301 ὄνος
209 3257 296 3301 τὸν
343 3257 486 3301 ἵππον
533 3259 940 3312 μεταβαλλόμενος
971 3257 1243 3302 ἐταλάνιζεν
1276 3258 1337 3302 01
1438 3258 1580 3301 Ὄνος
1612 3258 1689 3299 καὶ
1721 3257 1858 3300 ἵππος
1890 3256 2104 3309 ὑπῆρχον

54 3313 292 3370 ἀνθρώπῳ
323 3316 414 3358 τινὶ
438 3316 515 3358 καὶ
536 3316 729 3360 ἕκαςτος
750 3316 914 3359 αὐτῶν
944 3313 1068 3357 ἰδίαν
1100 3313 1358 3370 ὑπηρεςίαν
1380 3315 1601 3370 ἐπλήρου.
1635 3313 1732 3356 ἀλλ’
1754 3315 1779 3356 ὁ
1804 3314 1886 3365 μὲν
1907 3311 1974 3355 ἵπ
1989 3327 2023 3355 π
2039 3324 2064 3354 ο
2084 3324 2106 3354 ς

53 3369 347 3415 ἀνέςεως
391 3373 634 3426 πολλῆς
679 3372 1185 3428 παραπολαύων
1226 3373 1438 3426 δαψιλῶς
1486 3371 1817 3426 ἐτρέφετο
1865 3368 2106 3422 χαίτην

56 3440 112 3473 τε
139 3427 220 3471 καὶ
250 3429 520 3481 πλοκάμους
551 3430 672 3473 ὑπὸ
704 3434 834 3473 τῶν
865 3428 1261 3481 ἱπποκόμων
1292 3426 1794 3472 ἐκαλλωπίζετο
1831 3428 1938 3469 καὶ
1970 3427 2107 3478 όςη-

56 3483 250 3540 μέραι
279 3490 427 3530 τοῖς
461 3487 693 3530 ὕδαςιν
732 3486 1123 3530 ἀπελούετο.
1157 3486 1255 3528 ὁδὲ
1279 3486 1388 3530 ὄνος
1412 3485 1569 3528 διόλου
1603 3484 2000 3539 ἀχθοφορῶν
2026 3486 2106 3537 τῷ

55 3543 156 3584 τῶν
185 3542 407 3595 γάμων
441 3544 629 3599 βάρει
661 3544 1129 3598 κατετρύχετο.
1162 3546 1240 3598 μιᾷ
1271 3543 1546 3596 γοῦνότοῦ
1578 3541 1721 3584 ἵππου
1747 3541 1980 3596 κύριος
2013 3540 2106 3582 ἐπι-

58 3597 170 3651 βὰς
201 3598 351 3643 αὐτοῦ
374 3599 449 3644 ἐπί
470 3614 601 3644 τινα
622 3601 831 3652 πόλεμον
864 3600 1033 3655 ἀπῄει·
1074 3601 1151 3642 καὶ
1183 3602 1268 3653 τῆς
1302 3600 1453 3653 μάχης
1485 3596 1878 3652 ςυγκροτηθείςης
1909 3598 1935 3640 6
1966 3596 2104 3640 ἵππος

68 3653 204 3699 εὐθὺς
241 3655 420 3711 ἐπλήγη
463 3659 539 3701 καὶ
580 3658 802 3712 ἀνῃρέθη.
865 3656 983 3699 ἰδὼν
1016 3657 1066 3699 δὲ
1097 3657 1186 3709 τὴν
1219 3657 1368 3699 αὐτοῦ
1402 3655 1698 3698 ἀπώλειαν
1731 3655 1757 3697 6
1789 3654 1899 3698 ὄνος
1932 3654 2105 3697 ἑαυτὸν

61 3712 234 3764 μᾶλλον
263 3716 350 3766 τῆς
379 3715 680 3768 πολυμόχθου
714 3714 991 3769 ἐμακάριζεν
1022 3712 1291 3767 ὑπηρεςίας.
1327 3713 1387 3757 02
1423 3732 1481 3741 —
1528 3713 1665 3752 1-—15
1697 3716 1797 3755 rest.
1830 3711 1860 3756 G
1964 3714 1992 3751 4
2026 3709 2106 3762 μά-

59 3780 148 3823 καρ
171 3768 221 3823 Β]
254 3771 309 3812 of.
339 3770 482 3815 ἵππον
514 3771 862 3826 ἐμακάριζεν
896 3770 1042 3816 ΒΙ-Ἱὲ1
1142 3773 1167 3812 5
1200 3770 1377 3814 ἱππέως
1410 3769 1456 3823 G]
1489 3767 1767 3820 ἱπποκόμων
1789 3768 1852 3814 θ2
1936 3770 1959 3808 7
1992 3769 2103 3818 λαμ·

59 3823 176 3880 πρὸς
206 3824 256 3880 G]
289 3829 632 3882 κεκοςμημένος
664 3829 695 3872 Β
785 3831 810 3870 8
833 3827 1065 3881 ἀνειμένῳ
1091 3826 1140 3881 G]
1166 3826 1423 3870 ἀνέςεως
1453 3827 1630 3878 πολλῆς
1661 3824 2017 3880 παραπολαύων
2042 3822 2104 3869 (2²
