2332 4134
1908 439 2059 495 mpla

72 1317 164 1378 ἥ·-
213 1293 520 1401 Praeterito
570 1333 711 1402 anno
770 1333 892 1368 cum
945 1313 1230 1387 iuvenibus
1285 1314 1575 1386 philologis
1633 1316 2086 1402 proseminarium

42 1425 462 1502 frequentaturis
481 1423 747 1505 legendas
774 1440 1079 1505 proponere
1099 1423 1502 1477 constituissem
1521 1421 1735 1476 fabulas
1757 1421 2082 1497 BabrianaS‚

46 1599 246 1701 codice
271 1604 539 1687 Vaticano
579 1585 762 1680 emtas
801 1643 907 1678 uno
955 1586 1263 1698 eodemque
1302 1588 1605 1679 contineret
1645 1624 1942 1703 volumine,
1992 1625 2089 1696 ad-

42 1748 261 1800 gressus
299 1746 421 1801 sum
458 1727 741 1805 adornare.
804 1733 1087 1799 praeterea
1121 1732 1185 1801 ⁴ult
1234 1723 1291 1777 id
1338 1704 1572 1778 facerem
1618 1699 1874 1779 movebat
1925 1710 2089 1802 quod,

44 1850 167 1901 cum
203 1829 490 1906 nonnullos
527 1828 677 1883 locos
717 1826 1025 1895 Babrianos
1064 1828 1120 1880 in
1157 1828 1426 1898 integrum
1463 1845 1548 1880 me
1593 1844 1757 1897 posse
1804 1828 2089 1880 restituere

42 1941 309 2006 putarem,
345 1929 595 2007 nolebam
636 1948 772 2000 quae
812 1928 1167 1997 coniectando
1201 1928 1500 1996 'adsecutus
1539 1947 1658 1981 esse
1703 1927 1835 1982 mihi
1859 1927 2086 1982 videbar

40 2033 370 2104 'ephemeridi
412 2033 652 2111 tradere3
701 2031 875 2086 solent
902 2033 1044 2085 enim
1069 2049 1178 2084 non
1204 2049 1383 2102 pauca
1409 2049 1582 2102 eaque
1608 2030 1756 2083 haud
1784 2030 2090 2100 spernenda

46 2154 185 2207 quae
223 2136 328 2188 isto
367 2134 530 2210 mondo
569 2133 771 2205 publici
808 2133 938 2186 iuris
977 2133 1113 2186 fiunt
1152 2131 1440 2201 oblivionis
1481 2130 1635 2184 obrui
1673 2129 1926 2184 tenebris·

213 2235 407 2306 Itaque
453 2236 562 2300 iam
612 2241 822 2287 aestate
873 2235 1147 2304 superiore
1194 2240 1254 2286 ut
1303 2232 1494 2286 saltem
1543 2239 1651 2285 tres
1707 2233 2088 2303 quaterniones

44 2337 251 2409 priores
290 2335 447 2390 huius
486 2335 738 2406 editionis
785 2334 1064 2405 discipulis
1092 2334 1338 2410 offerrem
1359 2335 1582 2411 *cturavi3
1611 2351 1718 2404 qua
1742 2333 2091 2387 festinatione

44 2437 248 2497 factum
299 2443 384 2490 est
424 2442 485 2511 ut
533 2434 727 2510 quibus
774 2436 1009 2488 numeris
1059 2434 1276 2488 fabulae
1326 2435 1381 2487 in
1430 2433 1756 2488 editionibus
1808 2432 1845 2489 Ι·“
1860 2431 1897 2489 0
1947 2434 2088 2510 Aug.

46 2537 334 2592 decurrant
372 2515 442 2590 ab
482 2536 649 2590 altero
691 2536 906 2590 demum
946 2537 1296 2609 quaternione
1322 2535 1500 2589 medio
1528 2537 1582 2588 in
1609 2535 1878 2607 adparatu
1904 2537 2090 2590 critico

44 2639 363 2693 notaverim.
427 2638 771 2715 inveniuntur
810 2645 989 2690 tamen
1028 2639 1119 2690 isti
1157 2638 1364 2690 numeri
1401 2639 1565 2690 etiam
1610 2636 1758 2709 apud
1795 2635 2091 2700 Halmium,

51 2740 203 2795 cuius
244 2739 408 2817 editio
445 2718 754 2817 fabularum
781 2738 1175 2810 Aesopicarum
1215 2740 1270 2791 in
1298 2740 1535 2792 omnium
1561 2746 1644 2792 est
1668 2737 1945 2803 manibus3
1974 2739 2090 2791 eius

49 2860 177 2896 vero
218 2820 470 2896 editionis
507 2859 759 2920 numeros
799 2841 965 2895 index
1004 2841 1128 2895 huic
1166 2840 1347 2895 libello
1388 2841 1606 2895 additus
1655 2842 1823 2895 altero
1877 2859 2092 2913 quoque

51 2942 172 2998 loco
218 2943 474 2997 continet.
539 2942 684 3014 quod
732 2961 860 2996 vero
915 2944 1091 3014 spatio
1141 2944 1298 3009 unius
1348 2945 1476 2996 anni
1523 2950 1578 2996 et
1624 2942 1831 2996 dimidii
1881 2942 2095 2996 demum

49 3043 234 3115 elapso
283 3046 338 3098 in
383 3043 556 3098 lucem
604 3045 835 3116 prodeat
881 3044 1015 3098 haec
1063 3044 1256 3107 editio,
1316 3044 1526 3098 disiecti
1580 3043 1835 3097 membris
1892 3051 2087 3114 poetae

50 3143 394 3222 tribuendum
431 3153 529 3210 est,
573 3147 770 3218 quippe
810 3163 949 3216 quae
988 3144 1143 3216 plura
1170 3164 1332 3216 quam
1358 3144 1520 3214 vulgo
1550 3145 1785 3199 creditur
1809 3146 1864 3197 in
1891 3144 2088 3198 fabulis

47 3244 286 3316 pedestri
325 3264 570 3318 sermone
606 3245 764 3300 nobis
805 3247 1034 3300 servatis
1072 3248 1270 3300 insunt.
1318 3249 1570 3316 congessi
1609 3253 1789 3300 autem
1829 3246 2092 3318 quidquid

49 3347 162 3400 eius
199 3349 410 3417 generis
449 3349 677 3420 repperi,
719 3366 1046 3420 quamquam
1082 3367 1191 3402 non
1229 3350 1275 3402 is
1315 3368 1434 3403 sum
1474 3350 1563 3420 qui
1596 3349 1776 3402 omnia
1819 3349 1925 3401 ista
1950 3350 2092 3417 frag-

47 3455 230 3502 menta
266 3467 385 3502 esse
423 3448 700 3503 Babriana
745 3450 1018 3504 mordicus
1069 3450 1453 3504 contenderim.
1518 3452 1563 3503 si
1615 3450 1743 3521 quid
1788 3451 1843 3503 in
1893 3449 2091 3504 fabulis

46 3549 392 3602 restituendis
432 3549 625 3602 admisi
666 3549 811 3620 quod
850 3551 1025 3603 minus
1065 3550 1297 3621 placeat,
1335 3553 1673 3605 meminerint
1718 3552 1891 3623 quiid
1916 3571 2091 3622 repre-

48 3648 292 3723 hendant
329 3669 428 3703 nec
466 3649 595 3703 mihi
636 3652 815 3704 omnia
864 3651 1082 3721 placere
1108 3659 1162 3704 et
1190 3670 1559 3722 quaecumque
1585 3651 1792 3706 felicius
1822 3651 1913 3705 alii
1938 3653 2087 3705 resti-

50 3754 202 3802 tuent
235 3758 394 3830 grato
433 3770 518 3804 me
563 3759 910 3821 accepturum
959 3754 1166 3820 anim03
1216 3753 1464 3823 equidem
1514 3754 1679 3816 enim,
1731 3755 1819 3823 qui
1870 3753 2092 3807 stellulis

1815 3855 1837 3878 *
