2340 4004
301 363 379 422 75,
420 364 466 410 6.
505 362 586 422 85,
626 364 706 410 17.
747 362 861 420 125,
901 362 945 408 5.
998 348 1165 421 99‚'9.
1223 362 1304 419 84,
1346 362 1391 409 5.
1444 363 1523 422 65,
1564 366 1609 412 6.
1657 348 1898 413 Fortasse
1944 350 2097 426 {gistis
2123 345 2289 419 2111ss(
2332 392 2337 394 ν

297 449 364 512 τῷ
416 441 488 494 δ’ὁ
510 450 604 509 μῦς
643 443 903 510 ἕπιτρύξας
952 448 1148 493 dativus
1212 449 1280 512 τῷ
1337 463 1434 494 non
1494 450 1555 494 ab
1622 445 1896 512 ἐπιτρύξας,
1950 450 2036 498 sed
2091 467 2138 498 a·
2174 438 2277 507 vei&
2326 478 2335 498 1

297 533 573 592 supplendo
613 525 717 578 εἷπε
757 532 950 592 pendet,
989 531 1045 578 cf.
1087 533 1385 592 persimilem
1422 532 1586 579 loc'um
1627 535 1740 592 121,
1782 536 1808 580 1
1847 537 1908 602 τῇ
1948 529 2020 581 δὲ·
2055 524 2289 600 naon-150„

297 613 527 678 αἴλουρος
563 609 711 662 εἶπεν.
741 614 865 662 Cum
891 617 1176 662 accusativo
1211 612 1487 679 ἕπιτρύζειν
1513 618 1676 664 iunxit
1702 620 1960 680 Euphor-io
1988 618 2285 669 Chalciden--

296 701 385 762 frg.
428 702 490 747 76
531 701 680 747 Mein.
2284 760 2287 762 ,

447 786 605 845 Saepe
644 785 857 832 Babrius
895 802 1012 832 usus
1052 793 1126 831 est
1152 787 1397 834 adiectivo
1425 784 1628 852 πλήρης·
1659 789 1924 849 aliquoties
1950 789 2052 836 alia
2078 789 2303 850 adiectis

300 870 702 915 circumscribere
745 871 961 916 videtur:
1005 871 1084 928 86,
1127 872 1170 917 3.
1248 867 1413 934 φόβου
1462 868 1653 936 πλήρης
1704 875 1746 929 1,
1789 875 1833 920 3.
1891 873 1973 931 95,
2013 875 2094 921 67.
2179 878 2303 939 ¹1:9⁷3·

296 950 464 1016 μοῖτων
513 950 702 1017 πλήρης
742 955 788 1012 5,
829 955 872 1000 3.
912 951 1115 1017 χρυσίου
1172 951 1363 1019 πλήρης
1401 957 1482 1014 10,
1536 957 1581 1003 3.
1658 954 1873 1004 ἐλπίδων
1921 953 2112 1022 πλήρης
2162 960 2299 1018 11‚‘],

295 1035 517 1101 αἱμάτων
555 1035 744 1102 πλήρης
783 1042 864 1097 31,
905 1041 951 1086 2.
1003 1038 1177 1096 λίπους
1214 1036 1403 1103 πλήρης
1431 1042 1511 1098 99,
1541 1043 1570 1089 3
1598 1064 1653 1077 2
1679 1038 1894 1105 πιμελής·
1913 1061 1958 1090 v.
1982 1045 2031 1090 1.
2067 1043 2125 1092 cf.
2154 1056 2297 1106 μεστ,

294 1119 545 1170 κινδύνων
573 1125 700 1182 -108,
741 1124 821 1171 30.
861 1126 1010 1181 Quod
1049 1126 1095 1171 in
1138 1141 1277 1171 nsum
1316 1127 1555 1172 sermonis
1597 1128 1817 1188 vulgaris
1857 1134 1906 1174 et
1955 1129 2098 1188 quasi
2138 1129 2337 1175 remi'

295 1208 477 1254 referre
517 1210 648 1256 licet.
2301 1266 2307 1273 .

437 1295 549 1340 Huc
601 1294 728 1340 addo
784 1295 932 1340 Babr.
985 1295 1064 1352 55,
1107 1295 1153 1340 3.
1194 1296 1226 1340 4
1284 1291 1389 1342 ἐπεὶ
1430 1291 1482 1341 δὲ
1520 1285 1730 1360 τοῦργον
1769 1293 2032 1344 ἐτετέλεστο
2069 1293 2154 1344 καὶ
2192 1293 2273 1344 λύε
2288 1280 2306 1359 ’Ὗ

296 1374 489 1440 ἔμελλεν
528 1374 724 1435 αὐτούς,
764 1371 843 1424 εἶτ’
885 1374 999 1435 ὄνος
1039 1375 1287 1442 διηρώτα.
1329 1416 1338 1425 .
1379 1416 1405 1438 .,
1458 1381 1542 1426 nbi
1580 1381 1835 1428 enuntiato
1875 1381 2019 1428 alteri
2057 1399 2119 1429 ex
2157 1398 2317 1444 supe

296 1479 454 1509 vacuo
525 1464 723 1510 additur
790 1457 906 1511 εἶτα·
962 1464 1018 1510 cf.
1069 1464 1215 1511 Hom.
1270 1465 1327 1512 Il.
1382 1465 1446 1523 Π,
1498 1467 1739 1513 246—47
1815 1461 1971 1530 αὐτὰρ
2023 1463 2129 1535 ἐπεί
2181 1450 2318 1513 :Jc'1i v

291 1550 449 1607 ναῦφι
501 1544 662 1610 μάχην
714 1545 900 1612 ἐνοπήν
949 1566 998 1596 τε
1048 1548 1227 1612 δίηται,
1259 1545 1509 1633 ’ἀσκηθής
1555 1567 1638 1611 μοι
1677 1548 1842 1598 ἔπειτα
1891 1546 2025 1608 θοὰς
2073 1548 2153 1598 ἐπὶ
2202 1555 2322 1598 ν”’

291 1629 462 1678 ἵκοιτο.
536 1631 629 1679 Od.
674 1634 728 1692 Θ,
770 1636 1027 1682 377-78.
1066 1661 1134 1667 —
2314 1688 2335 1695 „

442 1719 575 1764 Haec
615 1720 994 1779 qualiacumque
1047 1720 1192 1765 etiam
1234 1726 1346 1780 post
1386 1720 1596 1766 aliorum
1652 1735 1830 1781 operas
1869 1720 1928 1766 de
1967 1721 2184 1768 dictione

295 1804 465 1850 briana
503 1804 742 1850 disserere
783 1806 933 1852 volui.
2293 1803 2302 1807 ’

771 2249 1107 2307 Gorofllarium
1148 2251 1383 2307 criticum
1422 2251 1478 2307 et
1514 2251 1854 2320 exegeticum.
2276 2235 2340 2347 ’Ξ

1240 2387 1281 2444 I,
1320 2387 1364 2433 8.

431 2479 611 2549 γνώσῃ,
649 2483 696 2530 τί
724 2497 803 2531 σοι
841 2480 1048 2547 ποιητόν
1102 2481 1248 2542 ε’στιν,
1301 2500 1584 2545 cognosces,
1656 2485 1774 2544 quid
1823 2484 1983 2530 facere
2030 2478 2340 2544 possiszitas‘.

296 2568 586 2613 vertendum
627 2585 731 2615 esse
771 2579 818 2615 et
866 2586 1037 2616 sensus
1090 2571 1309 2630 postulat
1361 2576 1411 2614 et
1458 2570 1663 2629 propria
1701 2570 1776 2615 vis
1816 2569 2174 2615 adiectivorum
2211 2559 2340 2635 ver-{⁴

294 2653 476 2698 balium
532 2654 581 2699 in
638 2679 707 2684 —
758 2649 840 2709 τός
891 2655 1190 2701 exeuntium.
1265 2654 1388 2699 falso
1447 2653 1599 2713 igitur
1658 2661 1912 2699 verterunt
1959 2638 2340 2709 Boissonaditissf³

289 2744 336 2782 et
375 2746 491 2798 post
529 2754 637 2783 eum
677 2739 762 2783 alii
801 2739 951 2798 „quid
992 2741 1054 2786 sit
1094 2740 1368 2785 faciendum
1395 2735 1603 2783 tibi“—-
1634 2739 1776 2797 quasi
1802 2737 2014 2784 Babrius
2039 2737 2340 2798 scripsisset*-

291 2818 527 2883 ποιητέον
565 2839 656 2883 pro
715 2819 938 2885 ποιητόν.
1022 2839 1319 2885 quamquam
1372 2823 1734 2869 concedendum
1775 2830 1861 2881 est,
1910 2815 2340 2890 signifieat-ionemff‘

291 2907 426 2952 illam
486 2908 623 2953 vocis
676 2904 882 2970 ποιητός
933 2910 1050 2955 alibi
1089 2926 1186 2955 non
1227 2909 1467 2954 inveniri:
1527 2909 1752 2968 dixitque
1790 2908 2002 2953 Babrius
2057 2907 2163 2967 ipse
2218 2907 2335 2952 alio.

290 3007 435 3037 sensu
480 2992 559 3050 95,
600 2994 662 3038 37
699 2988 833 3057 λόγοι
860 2992 1061 3055 ποιητοί
1096 3009 1375 3053 „sermones
1414 2992 1557 3040 ficti“.
1583 3019 1653 3025 —-
1682 2991 2085 3040 Schneidewinus
2111 2990 2336 3054 praefat„

291 3091 336 3134 p.
378 3075 524 3121 VIII.
564 3078 774 3123 coniecit
813 3074 1045 3140 πτοητόν,
1085 3078 1278 3125 collatis
1318 3094 1362 3123 v.
1404 3079 1467 3124 16
1509 3084 1554 3123 et
1594 3077 1758 3124 fabula
1795 3076 2011 3138 pedestri
2057 3073 2172 3121 Oor.
2213 3074 2313 3120 279

285 3166 333 3205 et
373 3177 416 3221 p.
456 3160 572 3208 397.

1226 3305 1287 3364 v,
1326 3306 1373 3351 4.

428 3414 601 3464 Codex
641 3417 840 3463 Athous
912 3419 1115 3478 praebet
1182 3411 1425 3481 ἐκρύπτετ’
1485 3412 1628 3462 οἴκου
1683 3411 1871 3479 γωνίην
1924 3406 2004 3460 ὕπ’
2063 3409 2310 3478 αἰσχύνης.

287 3501 504 3548 Frustra
541 3519 570 3549 a
606 3502 938 3548 Boissonadio
992 3502 1140 3548 Babr.
1198 3519 1244 3563 p.
1305 3501 1367 3547 15
1422 3500 1696 3547 defenditur
1751 3499 1953 3545 insolita
2007 3500 2310 3547 constructio

283 3582 591 3650 κρύπτεσθαι
629 3585 831 3651 γωνίην·
870 3603 983 3634 nam
1019 3582 1255 3650 κρύπτειν
1292 3581 1640 3650 (κρύπτεσθαι)
1686 3585 1804 3631 alibi
1864 3599 1972 3630 cum
2022 3583 2191 3630 dativo
2231 3584 2311 3630 vel
