2332 4134
894 270 1251 321 —47—

387 416 499 468 ἐπεὶ
536 415 843 479 παρελθέτω
884 431 968 478 με,
1009 414 1093 466 καὶ
1131 413 1253 465 τότε
1291 413 1463 480 γνώςῃ

386 501 553 553 πόςον
591 500 791 564 τράγου
830 501 1022 565 μεταξὺ
1061 501 1146 552 καὶ
1183 499 1352 551 πόςον
1390 496 1625 562 ταύρου.’

213 615 364 681 Πρὸς
419 616 544 668 τοὺς
593 617 704 667 τοῖς
757 615 1144 679 δυνατωτέροις
1202 613 1611 679 ἐπεμβαίνοντας
1671 611 1735 664 δι’
1785 612 2104 676 ἐπικειμένην

47 693 227 757 αὐτοῖς
266 700 558 767 ςυμφοράν.

1032 857 1114 914 92

387 973 592 1026 Λέοντά
631 991 706 1026 τις
743 974 970 1037 κυνηγὸς
1008 972 1126 1036 οὐχὶ
1164 974 1404 1038 τολμήεις

385 1057 592 1123 ἴχνευεν
632 1057 808 1122 ὀρέων
847 1059 904 1110 ἐν
943 1059 1237 1123 βαθυςκίοις
1275 1058 1444 1111 ὕλαις·

387 1143 637 1212 δρυτόμῳ
679 1145 739 1196 δὲ
776 1147 976 1208 μακρῆς
1014 1143 1166 1206 ἐγγὺς
1206 1144 1440 1207 ἐντυχὼν
1478 1142 1671 1206 πεύκης

388 1227 460 1281 ‘db
498 1230 635 1294 πρός
674 1247 726 1282 ςε
764 1229 1014 1296 νυμφῶν’
1054 1227 1216 1291 εἶπεν,
1255 1227 1386 1292 ςὃὶρα
1421 1229 1686 1290 γινώςκεις
1745 1254 1749 1258 ¹

383 1313 501 1378 ἴχνη
540 1315 782 1376 λέοντος,
822 1314 958 1367 ὅςτις
996 1314 1103 1368 ὧδε
1141 1312 1419 1379 φωλεύει;’
2082 1321 2107 1359 5

387 1398 627 1452 κάκεῖνος
665 1398 834 1452 εἶπεν·
875 1398 1031 1452 ςἀλλὰ
1070 1401 1161 1453 ςὺν
1199 1405 1305 1470 Θεῷ
1345 1400 1559 1465 βαίνεις·

390 1483 555 1537 αὐτὸν
590 1484 692 1548 γὰρ
731 1484 832 1549 ἤδη
870 1486 967 1537 τὸν
1005 1486 1195 1538 λέοντά
1235 1503 1313 1538 ςοι
1350 1484 1542 1540 δείξω.’

387 1569 418 1622 ὁ
459 1569 506 1622 δ’
546 1570 804 1635 ὠχριήςας
842 1571 1106 1636 γομφίους
1144 1589 1199 1623 τε
1238 1572 1546 1636 ςυγκρούων

387 1653 481 1719 “μή
520 1672 609 1719 μοι
646 1655 893 1719 χαρίζου’
931 1656 1056 1721 φηςί
1096 1655 1305 1710 επλεῖον
1341 1657 1408 1710 οὗ
1447 1659 1644 1726 χρῄζω,

386 1741 449 1793 τὸ
490 1739 536 1793 δ’
572 1739 720 1804 ἴχνος
758 1741 896 1794 εἰπέ·
936 1743 1033 1794 τὸν
1069 1743 1261 1795 λέοντα
1300 1744 1365 1808 μὴ
1406 1740 1609 1811 δείξῃςῖ
2056 1750 2109 1789 10

139 1865 141 1867 ’
217 1856 276 1910 Ὁ
316 1860 479 1923 μῦθος
519 1855 716 1920 ἐλέγχει
755 1856 1029 1926 [ἐκείνους]
1067 1859 1193 1910 τοὺς
1230 1859 1406 1920 λύγοις
1445 1856 1723 1921 ἀνδρείους
1763 1852 2108 1916 ἐπιδεικνυμέ-

45 1959 187 2006 νους,
226 1942 400 2007 ἔργοις
438 1943 499 1995 δὲ
539 1940 822 1994 ἀνικάνους
862 1942 1343 2008 ἀποφαινομένους.

1037 2145 1121 2202 93

391 2262 579 2315 Λύκων
617 2266 857 2327 παρῆςαν
898 2261 1108 2323 ἄγγελοί
1147 2259 1265 2312 ποτ’
1305 2260 1376 2312 εἰς
1414 2259 1639 2323 ποίμνην

390 2347 584 2413 ὅρκους
623 2349 880 2414 φέροντες
917 2349 1000 2400 καὶ
1040 2348 1251 2412 βέβαιον
1289 2345 1517 2410 εἰρήνην,

392 2433 478 2498 ἐφ’
517 2433 561 2498 ᾧ
600 2434 794 2499 λάβωςι
830 2434 959 2485 τοὺς
996 2433 1156 2485 κύνας
1193 2432 1330 2496 πρὸς
1369 2430 1554 2493 αἰκίην,

395 2519 460 2572 δι’
498 2520 592 2572 οὓς
631 2521 886 2584 μάχονται
924 2520 1008 2572 καὶ
1047 2521 1288 2571 κοτοῦςιν
1327 2516 1584 2578 ἀλλήλοις.

390 2607 542 2669 μωρὴ
582 2606 643 2657 δὲ
681 2605 871 2669 ποίμνη
912 2605 996 2656 καὶ
1033 2603 1100 2654 τὰ
1137 2603 1312 2654 πάντα
1352 2601 1624 2665 βληχώδης
2083 2607 2108 2646 5

389 2692 608 2756 πέμπειν
646 2690 873 2755 ἔμελλεν.
931 2690 1065 2742 ἀλλά
1103 2705 1178 2739 τις
1214 2687 1388 2751 γέρων
1426 2685 1526 2748 ἤδη

393 2775 538 2839 κριὸς
577 2777 757 2845 βαθείῃ
797 2776 944 2841 φρικὶ
982 2775 1182 2840 μαλλον
1222 2772 1466 2837 ὀρθώςας

393 2860 596 2925 εκαινῆς
632 2879 692 2924 γε
730 2860 948 2925 ταύτης’
987 2859 1101 2914 εἶπε
1140 2858 1257 2923 (τῆς
1295 2857 1557 2922 μεςιτείης.

392 2944 698 3011 ἀφύλακτος
735 2946 855 3011 ὑμῖν
892 2949 1006 2998 πῶς
1045 2947 1148 3009 ἐγὼ
1189 2946 1491 3008 ςυνοικήςω,

218 3173 280 3219 92
321 3175 356 3220 Α
395 3176 564 3217 8—9a
602 3174 875 3230 (γομφίους)
909 3174 941 3220 8
984 3175 1083 3220 879
1121 3192 1176 3211 r:
1208 3173 1366 3219 (21751
1410 3191 1469 3202 —
1519 3177 1544 3214 2
1588 3165 1854 3227 βαθυςκίᾶις
1896 3172 1938 3223 (o
1979 3184 2112 3225 supra

51 3231 224 3285 scripsit
252 3245 308 3273 m.
331 3232 440 3287 ant.)
472 3233 506 3277 A
593 3236 622 3275 4
653 3233 692 3276 ὣ
718 3231 765 3287 L]
801 3233 839 3276 ῶ
862 3233 897 3277 Α
986 3234 1012 3273 8
1045 3219 1279 3287 ὠχριήςας
1303 3230 1353 3285 8]
1389 3231 1625 3286 ὠχριάςας
1647 3231 1680 3274 Α
1756 3228 2034 3283 ςυγκρούων
2056 3226 2110 3283 A]

54 3288 344 3344 ςυγκρούςας
376 3289 407 3334 S
503 3291 629 3344 epim.
663 3289 874 3334 ἐκείνους
905 3290 989 3331 del.
1021 3291 1166 3331 Minas

393 3361 421 3405 ὁ
454 3362 598 3414 μῦθος
630 3359 809 3416 ἐλέγχει
838 3362 952 3405 τοὺς
980 3361 1141 3414 λόγοις
1172 3360 1256 3414 μὲν
1289 3359 1534 3416 ἀνδρείους
1566 3360 1745 3415 (Minas)

90 3448 95 3452 -
395 3417 828 3471 ἐπιδεικνυμένους,
866 3419 1038 3474 ἐργοιςι
1070 3418 1110 3460 δ’
1141 3417 1394 3461 ἀνικάνους
1427 3418 1584 3461 ὄντας.
1661 3416 2015 3458 ‘eholiambicum
2046 3430 2108 3457 re-

51 3476 206 3531 pstravi
235 3489 323 3531 qua
352 3475 488 3518 valui'
517 3478 659 3518 Boiss,

223 3547 287 3592 93
316 3547 351 3592 A
381 3549 549 3590 5—6a
580 3548 756 3603 (πάντα
789 3549 1056 3604 βληχώδης)
1089 3548 1121 3595 8
1154 3550 1253 3593 880
1282 3566 1341 3586 =
1371 3548 1498 3594 0238
1538 3567 1597 3576 —
1642 3549 1667 3588 5
1700 3545 1835 3601 μωρὴ
1872 3545 2027 3601 (μωρὰ
2058 3545 2110 3598 A)

57 3601 108 3646 δὲ
136 3602 312 3657 ποίμνη
346 3603 401 3659 A]
442 3604 503 3648 τὰ
546 3605 681 3661 μωρὰ
721 3606 772 3649 δὲ
812 3607 1030 3661 πρόβατα
1064 3607 1097 3650 Β
1119 3606 1150 3651 G
1184 3606 1344 3661 μωρὸς
1375 3606 1427 3649 δὲ
1456 3604 1632 3658 ποιμὴν
1665 3602 1697 3648 8
1813 3602 1973 3646 πάντα
2006 3604 2111 3656 βλη-

53 3658 216 3714 χὼδηε
253 3660 303 3717 S]
343 3661 484 3705 πάντ’
524 3662 837 3717 ἀβληχρώδης
877 3665 1210 3718 (apostrophum
1252 3670 1295 3705 et
1334 3666 1535 3718 spiritum
1574 3662 1807 3714 adscripsit
1844 3675 1900 3704 m.
1932 3662 2035 3714 ree.)
2076 3660 2111 3704 A

59 3773 83 3813 7
115 3775 290 3827 μαλλὸν
319 3774 482 3831 Minas]
518 3778 694 3829 μᾶλλον
724 3778 759 3822 Α
876 3781 902 3819 9
934 3745 1045 3830 ἥμιν
1080 3777 1125 3832 (ϋ
1159 3780 1465 3832 suprascripsit
1494 3778 1577 3831 pr.)
1609 3776 1643 3821 A
