2332 4134
1057 245 1411 296 ,36-

548 390 733 453 Ὕβριν
773 391 831 440 δὲ
867 388 1049 450 γήμας,
1086 389 1151 450 ἣν
1188 386 1359 449 πάρος
1397 384 1708 447 κατειλήφει,

555 476 744 537 ταύτης
781 475 1044 536 περιςςῶς,
1084 471 1157 522 ὡς
1195 471 1443 531 λέγουςιν,
1482 471 1697 533 ἠράςθη,

558 561 732 612 ἕπεται
770 558 816 611 δ’
854 557 926 609 ἔτ’
961 557 1091 623 αὐτῇ
1130 559 1402 619 πανταχοῦ
1443 556 1735 622 βαδιζούςῃ.
2234 565 2295 603 5<

557 645 639 713 [μὴ
678 649 808 707 γοῦν
846 644 968 705 ἔθνη
1010 660 1131 703 που,
1170 643 1236 705 μὴ
1275 641 1477 703 πόληας
1515 640 1816 703 ἀνθρώπων

554 732 697 795 ὕβρις
737 730 946 781 ἐπέλθοι
983 730 1318 792 προςγελῶςα
1355 729 1464 777 τοῖς
1503 725 1699 788 δήμοις,

558 817 668 869 ἐπεὶ
707 815 813 879 μετ’
848 814 1010 877 αὐτὴν
1048 813 1277 876 πόλεμος
1317 812 1513 864 εὐθέως
1553 810 1685 877 ἕξει]

1202 998 1272 1054 71

556 1102 698 1152 Ἰδὼν
734 1101 971 1164 γεωργὸς
1007 1103 1109 1162 νῆα
1146 1098 1408 1149 ναυτίλων
1446 1098 1615 1159 πλήρη

558 1187 857 1250 βάπτουςαν
894 1186 993 1249 ἤδη
1033 1188 1167 1248 κῦμα
1205 1184 1399 1247 κυρτὸν
1437 1183 1495 1234 ἐκ
1531 1183 1747 1245 πρώρης

558 1271 616 1322 (ὧ
655 1270 897 1333 πέλαγος’
934 1269 1079 1322 εἶπεν
1117 1268 1239 1321 <εἴθε
1278 1268 1466 1332 μήποτ’
1506 1267 1805 1330 ε’πλεύςθης,

558 1356 771 1419 ἀνηλεὲς
810 1359 1064 1419 ςτοιχεῑον
1104 1355 1297 1417 ἐχθρὸν
1336 1351 1672 1416 ἀνθρώποις]

555 1445 743 1508 ἤκουςε
782 1443 828 1495 δ’
864 1443 895 1505 ἡ
935 1441 1162 1493 θάλαςςα
1200 1441 1283 1492 καὶ
1318 1439 1610 1501 γυναικείην
2238 1451 2272 1487 ι’»

558 1533 787 1594 λαβοῦςα
825 1529 1014 1592 φωνὴν
1052 1525 1190 1578 εἶπε·
1230 1525 1311 1589 (μή
1351 1542 1412 1589 με
1452 1526 1763 1589 βλαςφήμει·
2316 1518 2322 1520 ’

561 1616 664 1677 ἐγὼ
702 1615 802 1678 γὰρ
842 1613 959 1677 ὑμῖν
998 1611 1157 1663 οὐδὲν
1197 1610 1328 1673 αἰτίη
1368 1610 1591 1671 τούτων,

559 1701 737 1765 ἄνεμοι
777 1698 822 1751 δ’
857 1699 1100 1758 ἐλῶντες,
1139 1696 1214 1748 ὧν
1253 1697 1355 1758 ἐγὼ
1394 1697 1515 1759 με’ςη
1556 1698 1736 1758 κεῖμαι.

540 1788 766 1839 τούτων
806 1787 866 1837 δὲ
905 1786 1063 1848 χωρὶς
1100 1785 1167 1847 ἣν
1203 1782 1318 1851 ἴδῃς
1357 1799 1418 1845 με
1457 1782 1539 1833 καὶ
1578 1781 1814 1849 πλεύςῃς,

560 1873 691 1936 ἐρεῖς
729 1888 789 1935 με
827 1874 918 1933 τῆς
957 1873 1045 1933 ςῆς
1083 1868 1380 1933 ἠπιωτέρην
1416 1866 1595 1929 γαίηςῖ
2213 1877 2275 1916 10

634 1956 731 2024 [ὅτι
769 1956 938 2007 πολλὰ
977 1955 1171 2018 χρηςτὰ
1210 1951 1472 2017 πράγμαθ’
1512 1952 1563 2003 αἱ
1601 1951 1753 2002 κακαὶ
1791 1953 1950 2015 φῦςαι

560 2043 835 2107 τρέπουςιν
873 2041 943 2092 εἰς
981 2041 1043 2092 τὸ
1083 2043 1275 2103 χεῖρον,
1315 2039 1387 2090 ὡς
1426 2040 1599 2090 δοκεῖν
1638 2035 1850 2103 φαῦλα]

391 2143 449 2196 ‘O
487 2148 651 2208 μῦθος
699 2142 856 2194 οὗτος
896 2143 1090 2204 ἐλέγχει
1135 2141 1366 2192 ἐκείνους
1414 2139 1602 2191 οἵτινες
1650 2140 1916 2202 διαβολαῖς
1962 2136 2097 2201 πρὸς
2142 2136 2276 2188 τοὺς

223 2231 476 2284 δυνάςτας
513 2228 755 2294 βλάπτειν
789 2228 1031 2292 πέφυκαν
1068 2227 1192 2277 τοὺς
1227 2226 1402 2284 πέλας,
1442 2225 1496 2276 οἳ
1529 2223 1876 2288 παραπλήςιοί
1912 2221 2033 2274 εἰςιν
2059 2220 2275 2286 ἀνέμοις

222 2316 507 2380 χειμερίοις.

1206 2440 1284 2495 72

562 2540 682 2605 Ἷρίς
719 2540 837 2593 ποτ’
874 2541 1127 2604 οὐρανοῖο
1167 2542 1419 2603 πορφυρῆ
1459 2542 1618 2603 κῆρυξ

565 2630 798 2690 πτηνοῑςι
835 2627 1057 2678 κάλλους
1095 2624 1240 2676 εἶπεν
1279 2626 1335 2676 ε’ν
1373 2627 1511 2676 θεῶν
1549 2623 1714 2676 οἴκοις

564 2715 743 2775 ἀγῶνα
781 2714 997 2764 κεῖςθαι·
1036 2714 1156 2763 πᾶςι
1193 2709 1240 2762 δ’
1278 2710 1434 2762 εὐθὺς
1471 2711 1716 2774 ἠκούςθη,

563 2801 648 2852 καὶ
686 2798 857 2850 πάντα
896 2797 1054 2848 θείων
1091 2796 1236 2859 ἕςχεν
1273 2795 1452 2859 ἵμερος
1492 2796 1701 2858 δώρων.

566 2884 744 2938 ἕςταζε
781 2884 973 2946 πέτρης
1011 2882 1112 2943 αἰγὶ
1151 2881 1411 2946 δυςβάτου
1450 2882 1629 2944 κρήνη,
2243 2890 2276 2930 5

396 3087 421 3125 3
453 3083 515 3137 ἣν
547 3083 697 3138 πάρος
730 3082 781 3137 G]
814 3082 874 3134 ἣν
905 3082 1034 3145 ἕρηξ
1049 3081 1084 3125 Α
1114 3081 1174 3134 ἣν
1207 3081 1356 3133 μόνην
1389 3082 1632 3133 Hertzberg
1662 3081 1716 3122 cf.
1749 3081 1804 3122 B:
1836 3077 2002 3133 ‘'Ysspw
2033 3078 2084 3121 δὲ
2117 3077 2276 3131 μόνην

226 3156 484 3209 κατέλαβεν
581 3157 605 3196 5
640 3154 679 3195 δ’
710 3154 774 3196 ἔτ’
805 3153 924 3207 αὐτῇ
957 3150 1229 3205 Lachmann]
1262 3152 1312 3194 δὲ
1344 3152 1496 3206 ταύτῃ
1530 3151 1564 3195 Α
1594 3152 1644 3194 δὲ
1677 3150 1797 3204 αὐτῇ
1833 3151 1863 3193 Β
1962 3148 2113 3204 [6—8]
2137 3151 2268 3190 Eber-

227 3255 354 3311 hard]
471 3257 496 3296 6
526 3254 708 3306 πόληας
738 3253 912 3308 Nauck]
943 3222 1120 3315 πὲλεῖὰς
1153 3256 1234 3301 (εις
1264 3265 1291 3292 a
1320 3266 1377 3292 m.
1400 3253 1503 3299 rec.)
1535 3250 1570 3294 Α
1598 3248 1840 3303 πολίςματ’
1869 3251 1917 3290 Μ
1959 3250 2156 3290 Schmidt

399 3327 452 3370 71
482 3326 517 3370 Α
548 3326 647 3369 354
688 3325 810 3368 5348
844 3342 889 3360 --
927 3324 957 3369 G
988 3339 1028 3377 p.
1055 3325 1137 3364 385
1171 3322 1294 3365 0247
1338 3343 1397 3352 —
1444 3325 1470 3362 2
1509 3322 1706 3376 πρώρης
1746 3319 1970 3374 Duebner]
2008 3320 2207 3374 πρώτης
2237 3319 2279 3364 Α

228 3386 254 3424 8
286 3383 324 3425 δ’
356 3383 558 3426 ἐλῶντες
589 3381 640 3436 G]
674 3382 724 3424 δὲ
755 3381 931 3424 πάντες
962 3381 996 3424 Α
1027 3380 1123 3422 ἀλλ’
1153 3378 1196 3421 οἱ
1227 3379 1592 3434 ἑκταράςςοντές
1634 3392 1687 3431 με
1725 3379 1889 3430 ἄνεμοι
1921 3379 1953 3421 Β
1993 3377 2043 3419 δὲ
2073 3378 2278 3420 πάντως

226 3442 436 3481 Duebner
553 3437 753 3494 [ll—12]
787 3441 925 3479 Boiss.
1042 3441 1089 3478 11
1123 3440 1263 3490 φῡςαι
1297 3437 1347 3491 G]
1379 3437 1544 3490 φύςεις
1565 3436 1599 3480 Α
1629 3434 1674 3478 οἱ
1703 3436 1971 3490 χαιρέκακοι
2000 3447 2113 3488 παρ
2126 3446 2276 3487 αφυὸ

230 3499 447 3539 ςῶντες
479 3497 512 3539 Β
543 3497 755 3550 promyth.
785 3494 969 3549 χρήςεις
1003 3496 1029 3537 Ι.

399 3567 459 3610 72
490 3566 526 3610 Α
558 3567 655 3609 359
677 3584 731 3603 =
754 3564 905 3610 01887
940 3566 1029 3609 1²78
1050 3582 1103 3601 =
1128 3564 1157 3609 c
1177 3565 1348 3618 p.3671
1380 3563 1598 3608 c1881—6
1624 3569 1667 3604 et
1692 3579 1732 3617 p.
1755 3565 1868 3605 3672
1895 3582 1955 3592 —
1986 3565 2006 3603 1
2041 3561 2275 3616 οὐρανοῑο

228 3623 455 3678 Duebner]
487 3621 710 3677 οὐρανίου
743 3622 778 3666 Α
873 3626 900 3663 4
930 3620 1074 3665 θείων
1105 3620 1326 3675 Duebner]
1360 3623 1489 3663 θεῖον
1510 3620 1545 3664 Α
1615 3620 1775 3675 ἵμερος
1800 3618 2023 3673 Duebner]
2053 3618 2218 3673 ἵμερον
2238 3617 2279 3661 Α

231 3681 404 3735 δώρων
433 3679 656 3735 Duebner]
689 3681 845 3723 Ζώιων
867 3679 902 3723 Α
931 3681 1040 3722 ‘fort.
1063 3678 1294 3721 ἀέθλων..
1319 3676 1474 3720 θείων’
1494 3679 1723 3719 Eberhard
1825 3679 1850 3718 5
1881 3674 1976 3729 αἰγὶ
1997 3675 2049 3729 Α]
2083 3675 2215 3727 ςτυγὶ
2239 3675 2276 3720 Β

159 3766 168 3772 -
229 3737 406 3793 κρήνης
438 3736 472 3781 Α
