2332 4134
1090 283 1444 336 -1V-

252 446 286 497 l:
345 461 670 513 „alarumque
709 443 875 511 signis
913 443 1146 494 invisum
1185 438 1351 494 oculis
1390 437 1613 491 reddere
1649 436 1888 490 libellum
1932 435 2198 504 nolebam,
2238 436 2282 488 si

253 545 388 598 haec
429 544 730 612 fragmenta
777 542 1019 611 legentur
1066 540 1563 612 persuadeaturque
1611 538 1739 590 viris
1791 537 1965 590 doctis
2010 535 2283 607 relliquias

252 662 360 696 non
398 645 474 695 ita
511 644 736 709 exiguas
773 641 1078 694 fabularum
1115 659 1224 693 non
1262 639 1434 693 solum
1477 635 1969 704 choliambicarum‚
1999 636 2095 690 sed
2121 637 2282 689 etiam

251 742 603 796 iambicarum
643 741 1137 811 dactylicarumque
1174 739 1331 793 nobis
1373 757 1654 809 superesse
1695 739 1846 808 sique
1889 756 2026 790 unus
2076 736 2277 790 alterve

251 862 435 896 eorum
472 841 719 911 exemplo
759 843 1016 896 incitatus
1042 859 1161 894 meo
1188 841 1428 909 vestigiis
1455 840 1572 892 istis
1601 840 1764 891 etiam
1790 838 2102 892 adcuratius
2127 836 2276 892 inda·

248 943 440 1013 gandis
481 960 700 1013 operam
739 941 962 1008 dederit,
1005 942 1136 993 satis
1177 957 1443 1010 superque
1482 956 1572 991 ero
1613 943 1913 990 contentus.

421 1056 583 1123 Quod
621 1056 691 1108 ad
732 1056 922 1108 seriem
964 1054 1266 1107 fabularum
1305 1052 1535 1120 adtinet,
1574 1058 1700 1121 post
1737 1049 1950 1103 fabulas
1990 1051 2044 1103 in
2093 1051 2279 1105 codice

247 1155 470 1209 Athoo
526 1155 611 1222 (Α)
666 1161 908 1208 servatas
957 1155 1113 1224 posui
1170 1153 1383 1206 fabulas
1443 1153 1642 1206 codicis
1699 1153 2026 1206 Vaticani
2083 1152 2280 1207 Graeci

253 1256 352 1307 777
398 1254 501 1322 (V),
543 1255 608 1307 de
647 1254 839 1337 quibus
879 1253 1231 1306 Knoellius
1276 1253 1464 1319 (‘Neue
1503 1251 1710 1306 Fabeln
1737 1252 1830 1306 des
1858 1251 2106 1307 Babrius.
2155 1251 2278 1306 Von

247 1355 374 1409 Pius
414 1354 608 1408 Knoell
645 1355 700 1407 k.
739 1355 793 1406 k
835 1353 1446 1424 Gymnasialprofessor
1493 1333 1989 1422 Sitzungsberichte
2028 1352 2124 1406 der
2150 1352 2275 1423 phil.

251 1455 372 1508 hist.
415 1455 602 1508 Classe
642 1455 734 1507 der
770 1455 908 1507 kais.
950 1453 1250 1507 Akademie
1290 1454 1384 1507 der
1425 1453 1892 1507 Wissenschaften
1935 1445 2085 1506 1878.
2141 1452 2272 1508 XOI

243 1555 344 1607 Bd.
386 1523 439 1608 S.
480 1554 621 1621 659²)
664 1556 785 1623 egit,
825 1556 901 1608 ita
940 1555 1153 1625 quidem
1189 1561 1247 1608 ut
1274 1574 1444 1626 usque
1485 1555 1555 1608 ad
1581 1533 1859 1608 numerum
1890 1553 1989 1606 125
2027 1554 2269 1608 ordinem

249 1674 357 1708 non
404 1655 742 1719 deseruerim,
771 1663 884 1708 tum
909 1673 1036 1708 vero
1074 1654 1286 1709 fabulas
1327 1656 1614 1710 adiecerim
1651 1655 1853 1710 codicis
1884 1634 2272 1710 Vaticani—iam

249 1757 394 1826 prius
427 1763 582 1808 notas
623 1753 965 1824 (126—129),
1006 1755 1234 1827 denique
1280 1774 1312 1809 a
1337 1757 1588 1810 Knoellio
1618 1759 1846 1827 primum
1872 1756 2046 1810 editas
2079 1755 2275 1823 (130-

250 1856 370 1922 135)
414 1875 612 1927 easque
645 1875 706 1909 eo
754 1857 938 1910 ordine
989 1875 1093 1927 quo
1142 1859 1195 1910 in
1243 1857 1429 1911 codice
1483 1859 1602 1927 ipso
1650 1857 1915 1927 leguntur.
1981 1864 2274 1929 sequuntur

242 1941 460 2008 fabulae
499 1955 910 2027 fabularumque
948 1957 1250 2027 fragmenta
1288 1978 1318 2010 a
1356 1958 1714 2022 Dositheo,
1753 1959 2028 2022 Tzetze,
2068 1958 2275 2013 Suida

247 2055 347 2124 (S),
379 2057 715 2127 Georgide
754 2067 985 2125 servata,
1027 2059 1237 2126 deinde,
1280 2078 1411 2130 quas
1438 2060 1646 2112 restitui
1672 2059 2028 2130 paraphrasin
2057 2066 2271 2113 secutus

249 2157 691 2211 Bodleianam
742 2159 829 2221 (33
885 2159 1229 2213 ‘Fabularum
1279 2158 1673 2212 Babrianarum
1727 2158 2077 2229 paraphrasis
2126 2159 2268 2212 Bod-

249 2258 439 2310 leiana.
479 2259 647 2311 edidit
670 2260 727 2312 P.
753 2259 982 2313 Knoell?
1010 2260 1366 2314 Vindobonae
1397 2260 1556 2326 1877)
1587 2254 1981 2331 editionemque
2008 2279 2040 2314 a
2066 2261 2272 2315 Furia

245 2355 307 2424 (F
323 2377 334 2420 ;
375 2357 630 2411 ‘Fabulae
658 2358 960 2429 Aesopicae
1001 2360 1184 2430 quales
1224 2368 1349 2414 ante
1375 2360 1672 2413 Planudem
1710 2337 2019 2413 ferebantur
2067 2379 2137 2413 ex
2185 2379 2271 2413 ve-

242 2440 385 2509 tusto
434 2458 622 2511 codice
671 2458 944 2512 Abbatiae
991 2460 1227 2514 Florent.
1292 2480 1434 2514 nunc
1484 2463 1713 2532 primum
1760 2467 1943 2514 erutae
1993 2479 2101 2514 una
2149 2466 2272 2515 cum

245 2556 362 2609 aliis
400 2559 596 2627 partim
634 2558 758 2611 hinc
784 2559 908 2612 inde
936 2561 1173 2615 collectis
1200 2564 1396 2632 partim
1422 2583 1490 2615 ex
1517 2563 1673 2617 codd.
1714 2562 2043 2634 depromptis
2071 2563 2270 2617 Latina

243 2659 488 2710 versione
526 2661 774 2730 notisque
813 2668 1106 2714 exornatae
1145 2681 1274 2716 cura
1311 2681 1375 2715 ac
1420 2663 1597 2715 studio
1638 2663 1915 2717 Francisci
1970 2663 2035 2716 de
2074 2665 2119 2716 F
2121 2651 2269 2718 uria'.

241 2757 548 2810 Florentiae
599 2759 683 2811 vel
730 2760 949 2829 Lipsiae
1000 2760 1157 2827 1810)
1211 2769 1481 2829 curatam,
1530 2781 1758 2833 quacum
1814 2762 2010 2834 ubique
2067 2765 2270 2818 contuli

238 2859 604 2911 recensionem
631 2858 1100 2914 Coraisianam
1130 2859 1218 2929 (ῦς
1249 2861 1556 2926 <Ποιροέργων
1593 2855 1892 2926 Ἑλληνικῆς
1929 2865 2264 2930 Βιβλιοθήκης

238 2955 397 3019 τόμος
419 2957 678 3021 δεύτερος.
702 2959 903 3012 Μύθων
924 2960 1226 3014 Αἰςωπείων
1247 2962 1552 3028 ςυναγωγή’.
1577 2964 1743 3016 Paris.
1763 2963 1922 3032 1810)
1946 2963 2268 3035 fabulasque

239 3055 440 3108 codicis
471 3056 851 3125 Augustani
879 3061 1084 3130 (Aug),
1129 3082 1261 3134 quas
1289 3064 1330 3116 Ι.
1363 3064 1426 3118 G.
1459 3065 1831 3119 Schneider
1875 3065 2042 3117 edidit
2074 3065 2268 3132 (Μῦθοι

239 3155 522 3210 Αἰςώπειοι.
586 3158 828 3213 Fabulae
865 3161 1137 3233 Aesopiae
1175 3152 1203 3217 e
1252 3165 1438 3219 codice
1475 3166 1796 3235 Augustano
1847 3184 1988 3219 nunc
2035 3167 2266 3236 primum

237 3256 429 3309 editae.
480 3262 748 3312 recensuit
788 3267 841 3313 et
878 3263 1183 3316 emendavit
1210 3263 1286 3317 Io.
1318 3264 1540 3318 Gottlob
1565 3264 1857 3319 Schneider
1880 3265 2064 3319 Saxo.³
2085 3267 2261 3319 Vrati-

242 3356 443 3408 slaviae
487 3357 661 3425 1812).
691 3360 916 3414 eundem
945 3362 1183 3416 ordinem
1222 3365 1466 3434 neglecto
1506 3369 1692 3435 utpote
1719 3367 1771 3418 in
1798 3385 1855 3419 re
1884 3365 2047 3419 dubia
2073 3361 2262 3436 alpha-

236 3456 413 3509 betico
455 3457 674 3511 adhibui
711 3461 766 3511 in
802 3451 1142 3515 recensendis
1188 3465 1500 3533 fragmentis
1548 3464 1850 3518 fabularum
1896 3464 2264 3532 iambicarum‚

238 3557 639 3628 dactylicarum,
681 3561 1052 3628 eleg1aca1um

227 3746 230 3749 ‚
405 3673 487 3725 De
527 3674 771 3728 codicum
809 3659 1129 3744 cognatione
1156 3698 1262 3731 non
1303 3688 1384 3733 est
1413 3681 1569 3751 quod
1582 3681 1791 3750 longius
1821 3656 2108 3752 disseram;
2138 3704 2262 3769 nam

236 3765 452 3841 praeter
491 3792 608 3825 eum
649 3775 889 3828 codicem
937 3795 1039 3848 quo
1092 3797 1219 3831 usus
1268 3788 1351 3833 est
1399 3783 1487 3851 qui
1534 3781 1889 3852 paraphrasin
1941 3787 2262 3855 conscripsit
