2332 4134
1083 298 1151 305 -—
1229 267 1330 319 142
1403 297 1472 304 -

1219 408 1345 465 257

597 512 758 562 ’Έθος
798 510 899 561 ἐςτι
936 511 1045 561 τοῖς
1082 508 1325 561 πλέουςιν
1362 506 1641 569 ἐπάγεςθαι
1678 507 1838 561 κύνας
1910 512 1915 517 ’

601 595 933 659 παραμυθίην
971 596 1108 646 πλοῦ
1147 594 1232 645 καὶ
1269 593 1544 656 πιθήκους·
1583 595 1870 657 τοιγαροῦν
1936 620 1939 623 ·

597 681 774 733 πλέων
811 681 903 732 ςὺν
941 679 1084 748 αὑτῷ
1122 679 1206 731 καὶ
1243 678 1468 741 πίθηκον
1505 676 1611 742 εἶχέ
1647 694 1738 731 τις.
1894 683 1898 684 ’
1939 684 1942 685 ’

597 767 659 818 τὸ
701 767 761 818 δὲ
799 768 987 818 πλοῖον
1025 765 1097 817 ὼς
1137 765 1346 827 ἐγένετο
1385 763 1517 816 κατὰ
1554 763 1617 816 τὸ
1657 763 1882 816 Σούνιον

605 853 716 916 (τῆς
753 849 985 912 Ἀττικῆς
1022 849 1165 902 τοῦτ’
1206 850 1340 902 έςτὶν
1378 848 1728 914 ἀκρωτήριον)
1947 895 1950 898 Α
2273 863 2298 907 5

597 939 826 1000 χειμῶνα
865 936 1049 1001 ςυνέβη
1090 934 1332 1000 ςφοδρὸν
1369 933 1619 999 ὄρνυςθαι
1661 932 1882 1004 <μάλα>.

596 1023 989 1085 περιτραπείςης
1027 1021 1125 1074 οὖν
1155 1022 1289 1073 νεὼς
1329 1019 1504 1072 ἄλλοις
1542 1018 1650 1084 ἅμα

598 1106 753 1159 ἅπαςι
791 1109 867 1171 χῶ
907 1108 1127 1171 πίθηκος
1167 1109 1456 1172 έξενήχετο.

598 1191 727 1244 ἰδὼν
765 1194 825 1245 δὲ
865 1194 1046 1258 δελφὶς
1083 1197 1293 1255 τοῦτον,
1333 1191 1483 1256 ἄνδρ’
1522 1190 1654 1244 εἶναι
1692 1193 1868 1244 δοκῶν

598 1276 760 1340 ἀνεῖχ’
797 1277 1042 1330 ὑπελθὼν
1081 1278 1400 1342 διακομίζων
1438 1277 1491 1331 ἐξ
1531 1277 1676 1330 ἁλός.
2251 1289 2302 1332 10

600 1376 630 1405 *X-
708 1377 738 1406 ÷÷
816 1378 846 1407 ἧι·-
925 1377 954 1406 :K-
1033 1377 1062 1406 ἦέ·
1140 1377 1170 1407 ’Ξτ-
1248 1378 1277 1407 ὒέ
1355 1377 1385 1407 ὄΐ·
1463 1377 1492 1406 ·x-
1571 1376 1600 1406 θί·
1675 1376 1707 1406 ἢ(-
1783 1375 1813 1406 ‘R-
1891 1375 1921 1406 ’36

595 1447 626 1499 ὁ
667 1449 749 1500 δέ·
787 1442 946 1513 (μάλα
983 1449 1138 1514 φίλος
1179 1446 1300 1517 <τε>
1342 1449 1427 1500 καὶ
1466 1449 1688 1511 ςυνήθη(
1726 1447 1828 1500 ἑςτί
1865 1438 1986 1512 μοι’.

601 1546 631 1576 96
706 1547 735 1577 ’k
809 1548 839 1577 >k
916 1548 946 1577 θε-
1023 1547 1053 1577 θθ
1130 1547 1158 1577 ἦε
1235 1548 1265 1577 -Jt-
1343 1548 1373 1578 -Jc-
1451 1547 1481 1577 ’κ-
1559 1546 1589 1577 ὒέ
1667 1547 1696 1576 ÷÷
1774 1546 1816 1598 ἅ·-
1882 1546 1913 1576 ’ἔέ

427 1613 487 1669 Ὁ
529 1618 688 1680 λόγος
728 1619 969 1683 εὔκαιρος
1007 1619 1141 1683 πρὸς
1182 1618 1378 1684 ἄνδρας
1416 1620 1470 1672 οἳ
1504 1620 1629 1671 τοὺς
1667 1618 1944 1683 εὐεργέτας
1981 1617 2157 1670 αὐτῶν
2195 1621 2303 1670 δια-

258 1702 540 1766 ψεύδεςθαι
586 1704 882 1768 βούλονται.

599 1912 738 1964 Κατὰ
779 1913 876 1965 θῖν’
919 1913 1331 1978 ὁδοιποροῦντες
1367 1910 1533 1975 ἦλθον
1558 1902 1643 1963 ιεἰς
1682 1909 1861 1974 ἄκρην.

597 1997 836 2051 κάκεῖθεν
874 1998 947 2051 ὡς
984 1999 1270 2063 πόρρωθεν
1309 1997 1456 2051 εἶδον
1486 1997 1734 2062 φρύγανα

598 2084 910 2136 ἐπιπλέοντα
947 2087 1078 2136 ναῦν
1118 2083 1360 2148 ἑνόμιςαν
1397 2086 1544 2136 πλεῖν
1580 2099 1709 2136 τινα.
1751 2070 1753 2072 ’

599 2170 681 2221 διὸ
721 2171 786 2234 δὴ
825 2171 1147 2234 προςέμενον
1187 2169 1259 2221 ὡς
1296 2169 1796 2234 προςορμιουμένην.
1863 2196 1867 2199 .

600 2253 791 2318 ἄνεμος
829 2253 876 2307 δ’
916 2254 1027 2307 ἐπεὶ
1064 2258 1324 2319 προςῆκεν
1364 2253 1519 2307 ἆςςον
1558 2254 1820 2319 φρύγανα,
1979 2325 1982 2327 Α
2277 2263 2304 2302 5

425 2423 518 2468 257
570 2423 700 2468 {²242
734 2442 787 2460 =
821 2423 923 2469 (388
953 2426 1065 2479 Aug.
1087 2427 1139 2465 74
1171 2425 1334 2468 Ἐθος
1365 2424 1484 2467 ἐςτὶ
1514 2427 1642 2467 τοῖς
1673 2423 1948 2468 πλέουςιν
1979 2421 2315 2475 έπάγεςθαι,

258 2479 445 2522 κύνας
485 2494 538 2524 τε
574 2479 861 2524 Μελιταίους
902 2481 1299 2535 καὶπιθήκους
1330 2482 1448 2536 πρὸς
1478 2479 1863 2535 παραμυθίαν
1893 2481 1980 2522 τοῦ
2010 2481 2170 2522 πλοῦ.
2229 2477 2316 2522 καίὲ

262 2535 320 2588 δή
353 2549 439 2579 τις
469 2540 605 2581 πλεῖν
631 2538 818 2589 μέλλων
848 2537 1103 2591 πίθηκον
1136 2539 1467 2592 ςυνανήνεγκε.
1501 2538 1775 2591 γενομένων
1800 2537 1839 2579 δ’
1871 2539 2033 2579 αὐτῶν
2063 2536 2209 2579 κατὰ
2239 2536 2303 2579 τὸ

259 2593 508 2637 Σούνιον
529 2595 669 2648 (ἐςτὶ
694 2595 743 2638 δὲ
761 2598 943 2638 τοῦτο
961 2595 1228 2648 Ἀθηναίων
1247 2594 1868 2650 ἀκρωτήριον)ςυνέβη
1899 2596 2156 2646 χειμῶνα
2179 2606 2315 2647 ςφοε

272 2650 413 2704 δρὸν
444 2652 674 2703 γενέςθαι.
710 2652 1183 2706 περιτραπείςης
1215 2653 1265 2696 δὲ
1297 2655 1384 2706 τῆς
1406 2653 1522 2706 νηὸς
1544 2653 1619 2694 καὶ
1651 2651 1849 2694 πάντων
1872 2651 2303 2703 διακολυμβώντων

263 2709 360 2750 καὶ
391 2708 417 2750 ὁ
438 2707 686 2762 πίθηκος
719 2710 985 2762 ἐνήχετο.
1021 2710 1230 2764 δελφὶν
1252 2711 1311 2752 δὲ
1334 2710 1619 2762 θεαςάμενος
1641 2708 1790 2751 αὐτὸν
1812 2705 2028 2759 οἰόμενος
2049 2707 2304 2762 ἄνθρωπον

260 2765 474 2808 avenas*
504 2767 726 2817 (lacunam
758 2781 810 2807 ex
843 2765 912 2811 fc
943 2768 1134 2820 explevit
1162 2769 1196 2807 Ι.
1221 2768 1270 2809 G.
1291 2767 1602 2819 Schneiderus)
1634 2766 1807 2818 ἔφαςκε
1838 2765 1915 2806 καὶ
1947 2763 2124 2818 φίλον
2155 2759 2322 2807 αὐτὸνῗ-

262 2823 339 2864 καὶ
382 2822 604 2876 ςυνήθη
646 2823 878 2875 γενέςθαι.
938 2825 1016 2865 καὶ
1057 2825 1082 2866 ὁ
1115 2824 1282 2877 δελφὶν
1314 2822 1647 2877 ἀγανακτήςας
1678 2821 1797 2864 κατὰ
1828 2824 1915 2875 τῆς
1947 2821 2097 2864 αὐτοῦ
2128 2822 2300 2875 ψευδο-

263 2877 425 2931 λογίας
457 2879 697 2932 βαπτίζων
730 2879 1023 2924 ἀπέκτεινεν.
1044 2882 1155 2935 Aug.
1274 2881 1445 2923 ’Ἐθους
1478 2880 1619 2923 ὄντος
1650 2882 1774 2922 τοῖς
1804 2878 2046 2922 πλέουςι
2069 2878 2302 2922 Μελιταῖα

262 2934 450 2978 κυνίδια
492 2938 588 2979 καὶ
618 2937 913 2990 πιθήκους
944 2937 1266 2990 ἐπάγεςθαι
1295 2939 1413 2993 πρὸς
1434 2934 1810 2992 παραμυθίαν
1832 2938 1917 2978 τοῦ
1939 2937 2083 2979 πλοῦ
2106 2934 2323 2978 πλέων·

261 3005 348 3035 τις
380 2994 496 3047 εἶχε
530 2994 629 3036 ςὺν
662 2994 853 3049 ἑαυτῷ
885 2996 979 3036 καὶ
1009 2994 1287 3048 πίθηκον·
1329 2994 1607 3048 γενομένων
1639 2994 1678 3035 δ’
1711 2994 1874 3035 αὐτῶν
1905 2991 2052 3035 κατὰ
2081 2991 2324 3046 τὸξΣούφ

263 3063 395 3093 νιον
427 3050 484 3092 τὸ
515 3053 619 3103 τῆς
649 3050 911 3103 Ἀττικῆς
945 3050 1317 3106 ἀκρωτήριον
1347 3055 1606 3105 χειμῶνα
1641 3049 1900 3104 ςφοδρὸν
1931 3047 2142 3102 ςυνέβη
2174 3047 2311 3101 γενέ-

267 3108 379 3150 ςθαι.
410 3110 498 3161 τῆς
531 3108 591 3150 δὲ
622 3108 774 3150 νεὼς
797 3107 1254 3163 περιτραπείςης
1285 3111 1362 3151 καὶ
1390 3109 1587 3151 πάντων
1611 3107 2041 3159 διακολυμβώντων
2061 3105 2304 3158 ἐνήχετο

263 3166 365 3206 καὶ
404 3166 429 3208 ὁ
467 3163 729 3217 πίθηκος.
775 3165 976 3218 δελφὶς
1018 3166 1076 3208 δέ
1115 3179 1186 3208 τις
1228 3165 1376 3209 αὐτὸν
1416 3165 1701 3214 θεαςάμενος
1741 3164 1817 3206 καὶ
1858 3163 2110 3218 ἄνθρωπον
2154 3163 2326 3207 εἶναι,

264 3221 521 3274 ὑπολαβὼν
564 3220 786 3264 ἀπελθὼν
827 3221 1021 3275 ἀνεῖχε
1062 3222 1347 3275 διακομίζων
1388 3222 1462 3265 ἐπὶ
1504 3222 1595 3274 τὴν
1635 3221 1813 3275 χέρςον.
1874 3221 1939 3263 ὡς
1982 3219 2033 3262 δὲ
2063 3218 2185 3261 κατὰ
2215 3218 2302 3261 τὸν

264 3279 465 3333 Πειραιᾶ
497 3278 689 3331 ἐγένετο
720 3279 776 3320 τὸ
808 3282 908 3321 τῶν
939 3278 1207 3332 Ἀθηναίων
1239 3279 1456 3329 ἐπίνειον,
1488 3278 1783 3321 ἐπυνθάνετο
1815 3280 1901 3320 τοῦ
1931 3275 2146 3329 πιθήκου,
2178 3274 2217 3319 εἰ
2246 3273 2323 3317 τὸ-

266 3335 405 3385 γένος
437 3336 561 3379 ἑςτὶν
592 3335 856 3388 Ἀθηναῖος.
925 3339 1011 3378 τοῦ
1052 3337 1102 3378 δὲ
1134 3335 1348 3379 εἰπόντος
1381 3337 1457 3378 καὶ
1487 3337 1716 3389 λαμπρῶν
1748 3333 1955 3376 ἐνταῦθα
1985 3332 2326 3387 τετυχηκέναιζ

264 3393 454 3443 γονέων
486 3391 692 3447 ἐπήρετο
744 3390 784 3435 εἰ
835 3394 911 3434 καὶ
951 3393 1038 3435 τὸν
1069 3394 1268 3447 Πειραιᾶ
1311 3393 1568 3436 έπίςταται.
1600 3390 1856 3443 ὑπολαβὼν
1887 3391 1939 3433 δὲ
1969 3387 2167 3442 πίθηκος
2196 3389 2323 3443 περὶ,

265 3447 522 3503 ἀνθρώπου
558 3449 710 3491 αὐτὸν
743 3448 899 3501 λέγειν
933 3449 1024 3502 ’έφη
1059 3450 1134 3491 καὶ
1168 3450 1314 3501 μάλα
1356 3449 1530 3503 φίλον
1562 3450 1719 3492 εἶναι
1750 3446 1906 3501 αὐτῷ
1937 3447 2030 3488 καὶ
2063 3445 2332 3498 ςυνήθη.,

266 3507 342 3547 καὶ
376 3507 400 3548 ὁ
434 3507 595 3558 δελφὶς
631 3506 703 3549 ἐπὶ
751 3506 968 3560 τοςούτῳ
1026 3506 1192 3559 ψεύδει
1233 3505 1561 3559 ἀγανακτήςας
1609 3502 1847 3557 βαπτίζων
1893 3502 2041 3545 αὐτὸν
2086 3501 2296 3546 ἀπέκτει-

267 3575 360 3605 νεν.
387 3563 453 3607 fc
496 3582 553 3591 —
603 3567 624 3604 1
649 3566 758 3603 —11
791 3569 891 3604 rest.
926 3563 956 3606 G
1104 3566 1231 3616 epim.
1263 3566 1371 3618 Aug
2322 3602 2332 3610 ,,

435 3620 528 3664 258
577 3620 604 3664 f
622 3622 705 3661 258
735 3637 792 3656 =
825 3619 854 3664 G
873 3622 955 3660 110
985 3620 1097 3674 Aug.
1119 3623 1199 3660 172
1232 3620 1496 3674 Ὁδοιπόροι
1517 3618 1662 3662 κατά
1687 3630 1795 3660 τινα
1818 3614 2029 3669 αἰγιαλὸν
2050 3614 2327 3671 ὁδεύοντες,

265 3675 444 3727 ἦλθον
486 3676 560 3719 έπί
609 3690 717 3719 τινα
767 3676 975 3719 ςκοπιάν.
1036 3675 1316 3719 κάκεῖθεν
1362 3677 1639 3728 θεαςάμενοι
1685 3674 1954 3729 φρύγανα
1997 3671 2324 3728 πόρρωθενἒ

268 3732 630 3775 ἐπιπλέοντα
671 3737 816 3775 ναῦν
855 3734 973 3777 εἶναι
1014 3733 1222 3785 μεγάλην
1270 3732 1506 3786 ᾡήθηςαν.
1567 3731 1657 3774 διὸ
1705 3728 2180 3784 δὴ’προςέμενδν
2227 3728 2298 3769 ὡς

269 3790 526 3843 μελλούςης
547 3790 694 3843 αὐτῆς
711 3789 1109 3845 προςορμίζεςθαι.
1141 3790 1263 3833 ἐπεὶ
1286 3791 1310 3831 δ
1324 3791 1344 3832 ἑ
1363 3791 1454 3832 ὑπὸ
1473 3789 1664 3841 ἀνέμων
1686 3787 1928 3842 φερόμενα
1949 3785 2008 3828 τὰ
2026 3785 2181 3840 φρύγ
2195 3796 2299 3826 ανα
