2332 4134
2279 0 2322 271 ι’

2302 283 2317 318 λ’

601 414 665 467 δι’
702 415 796 467 οὓς
833 415 1070 477 νέμεςθαι
1107 414 1236 474 μηδὲ
1273 415 1369 462 νῦν
1408 412 1698 464 ἀκινδύνως
2257 408 2318 466 10*

601 499 783 559 ἐξεςτι,
822 498 988 550 καίτοι
1025 500 1133 547 τῶν
1171 500 1345 548 κυνῶν
1383 514 1443 560 με
1481 498 1841 561 τηρούντων;’

1110 270 1465 321 —43—

429 597 686 662 Οὐδαμῶς
742 595 1150 648 ἀκαταλλάκτοις
1207 595 1414 658 ἐχθροῖς
1465 596 1718 647 πιςτεύειν
1769 599 1872 658 δεῖ,
1929 595 2061 649 ὅταν
2116 614 2169 649 ςε
2218 601 2310 661 τῆς

259 680 451 733 οἰκείας
491 681 783 745 βούλωνται
823 679 1030 743 ἀμελεῖν
1069 679 1351 742 ςωτηρίας,
1402 678 1498 730 κᾶν
1539 678 1716 742 ὅρκοις
1762 681 1925 744 τυχὸν
1967 682 2062 744 τὴν
2099 680 2314 746 εἰρήνην.

258 769 459 819 λαλῶςι.

599 980 752 1047 Λύκῳ
792 980 910 1031 ποτ’
950 979 1140 1031 ὀςτοῡν
1179 979 1422 1043 φάρυγος
1462 979 1614 1030 ἐντὸς
1653 979 1894 1042 ἠρείςθη·

597 1066 802 1134 ἐρωδιῷ
841 1067 901 1117 δέ
940 1065 1121 1128 μιςθὸν
1162 1063 1306 1117 ἄξιον
1346 1066 1530 1116 δῶςειν

595 1152 770 1213 ἔταξε,
809 1153 905 1204 τὸν
942 1152 1206 1215 τράχηλον
1243 1151 1287 1203 εἰ
1325 1152 1605 1214 καθιμήςας

599 1238 888 1291 ἀνελκύςειε
927 1239 1010 1289 καὶ
1047 1238 1234 1289 πόνων
1274 1236 1400 1288 ἄκος
1439 1236 1570 1298 δοίη.

598 1326 628 1377 ὁ
669 1325 716 1377 δ’
753 1326 967 1376 ἑλκύςας
1004 1325 1100 1376 τὸν
1137 1325 1321 1387 μιςθὸν
1359 1321 1557 1373 εὐθέως
1595 1319 1717 1387 ᾔτει.
2282 1335 2308 1373 5

597 1409 834 1461 κάκεῖνος
873 1408 1017 1476 αὐτῷ
1059 1407 1329 1471 κάρχαρόν
1367 1423 1414 1456 τι
1452 1404 1693 1468 μειδήςας

598 1494 702 1546 ‘coi
741 1495 916 1558 μιςθός
956 1492 1127 1557 ἀρκεῖ’
1165 1492 1288 1557 φηςί
1329 1490 1462 1541 ετῶν
1503 1490 1746 1553 ἰατρείων

597 1580 831 1644 κεφαλὴν
868 1579 1076 1630 λυκείου
1116 1577 1358 1642 φάρυγος
1397 1577 1587 1629 ἐξελεῖν
1626 1574 1801 1643 ςῴην.’

671 1663 865 1731 [κακοῖς
905 1667 1114 1728 βοηθῶν
1152 1663 1332 1727 μιςθὸν
1372 1659 1575 1722 ἀγαθὸν
1614 1661 1679 1711 οὐ
1719 1660 1887 1728 λήψῃ,

598 1749 707 1801 ἀλλ’
748 1749 947 1814 ἀρκὲςει
987 1767 1062 1801 ςοι
1101 1750 1166 1813 μή
1207 1766 1253 1800 τι
1292 1743 1441 1816 <καὶ>
1485 1746 1648 1797 κακὸν
1684 1744 1932 1813 πάςχειν.]
2253 1759 2307 1798 10

425 1847 543 1900 Ὅτι
580 1849 815 1911 πονηρὸς
854 1847 987 1911 ἀνὴρ
1033 1846 1092 1899 εὖ
1130 1846 1347 1910 πάςχων
1396 1845 1466 1897 εἰς
1516 1844 1833 1897 ἀντιδόςεως
1879 1843 2042 1907 λόγον
2087 1846 2307 1896 ποιεῖται

257 1933 340 1984 καὶ
378 1933 439 1984 τὸ
478 1933 645 1996 μόνον
683 1935 751 1997 μὴ
792 1933 1000 1997 βλάψαι.

1240 2074 1319 2130 95

597 2175 746 2227 Λέων
782 2176 1001 2239 νοςήςας
1040 2176 1097 2227 ἐν
1136 2176 1367 2240 φάραγγι
1405 2175 1622 2242 πετραίῃ

596 2260 760 2312 ἔκειτο
798 2262 982 2324 νωθρὰ
1019 2265 1138 2323 γυῖα
1175 2265 1270 2324 γῆς
1307 2260 1395 2326 ἐφ’
1434 2260 1692 2321 ἁπλώςας,

595 2347 753 2411 φίλην
792 2346 838 2399 δ’
875 2347 1101 2398 ἀλώπεκ’
1139 2346 1277 2411 εἶχεν
1314 2348 1346 2415 ᾗ
1386 2347 1714 2410 προςωμίλει.

595 2432 755 2499 ταύτῃ
795 2431 913 2483 ποτ’
954 2430 1121 2483 εἶπεν·
1164 2431 1232 2483 ‘ei
1273 2434 1435 2484 θέλεις
1474 2450 1535 2496 με
1573 2433 1631 2484 ςὺ
1671 2434 1848 2485 ζώειν·

596 2519 756 2567 πεινῶ
793 2517 893 2579 γὰρ
934 2517 1139 2581 ἐλάφου
1178 2521 1269 2580 τῆς
1306 2516 1394 2569 ὑπ>
1430 2517 1630 2581 ἀγρίαις
1660 2517 1880 2570 πεύκαις
2278 2532 2304 2571 5

596 2605 767 2652 κεῖνον
805 2602 901 2653 τὸν
938 2603 1162 2664 ὑλήεντα
1201 2603 1403 2666 δρυμὸν
1442 2602 1682 2664 οἰκούςης

596 2690 679 2738 καὶ
716 2691 811 2738 νῦν
849 2689 1051 2745 διώκειν
1090 2688 1293 2753 ἔλαφον
1332 2689 1500 2740 οὐκέτ’
1545 2688 1728 2751 ἰςχύω·

597 2774 653 2823 ςὺ
694 2772 739 2823 δ’
779 2772 843 2823 ἂν
882 2775 1122 2841 θελήςῃς,
1161 2777 1337 2837 χεῖρας
1376 2773 1447 2825 εἰς
1486 2774 1611 2837 ἐμὰς
1649 2774 1755 2836 ἥξει

596 2858 789 2919 λόγοιςι
829 2862 1135 2921 θηρευθεῖςα
1173 2862 1278 2910 ςοῖς
1316 2849 1708 2922 μελιγλύυςςοις.3

1236 2944 1247 2960 >
1297 2944 1308 2959 C
1360 2943 1372 2960 ³
1425 2943 1436 2959 ³

596 2942 795 3006 ἀπῆλθε
834 2945 1028 3007 κερδώ,
1068 2946 1163 3008 τὴν
1202 2948 1231 2995 δ
1286 2963 1358 2995 υπ
1412 2944 1613 3007 αγρίαις
1651 2943 1796 2995 ὕλαις
2245 2956 2299 2996 10

423 3126 488 3170 94
526 3126 559 3170 Α
602 3126 771 3167 6b—8
818 3127 1177 3181 (καρχαρόδους)
1220 3127 1252 3172 8
1301 3129 1399 3171 384
1448 3128 1541 3171 ¹³94
1581 3145 1634 3164 -..-
1677 3128 1707 3172 C
1746 3142 1787 3180 p.
1826 3129 1937 3169 3421
1979 3126 2200 3173 (21441-3
2243 3147 2301 3157 -

258 3184 278 3222 1
313 3181 562 3237 φάρυγγος
591 3183 626 3227 Α
743 3186 768 3223 3
799 3184 1079 3237 καθειμήςας
1112 3187 1144 3229 Α
1262 3187 1286 3225 5
1319 3185 1497 3227 εὐθέως
1527 3183 1579 3238 Α]
1613 3185 1988 3241 προςαιτουμένῃ
2023 3184 2183 3238 μιςθὸν
2213 3186 2300 3238 τῆς

254 3236 468 3282 ἰάςεως
501 3239 562 3285 02
664 3242 689 3280 6
721 3240 796 3281 καὶ
828 3240 1065 3294 κάρχαρόν
1096 3255 1140 3283 τι
1173 3241 1389 3294 μειδήςας
1421 3242 1453 3286 8
1558 3244 1580 3281 7
1611 3244 1699 3295 τῆς
1729 3239 1935 3296 ἰατρείας
1965 3255 2098 3295 supra
2126 3243 2301 3295 scripsit

254 3309 340 3338 rec.
364 3298 397 3339 A
429 3299 528 3340 τῶν
559 3295 779 3350 ἰατρειῶν
811 3297 842 3341 8
876 3297 1016 3350 φηςίν
1047 3297 1151 3340 ἀντ’
1178 3296 1402 3352 ἰατρείων
1432 3300 1517 3339 Fix
1605 3301 1630 3339 8
1653 3299 1868 3354 φάρυγος
1889 3299 2155 3354 (φάρυγγος
2175 3299 2299 3351 libri;

256 3366 335 3394 em.
354 3354 557 3404 Kuester)
580 3353 631 3407 8]
658 3353 889 3405 ςτόματος
911 3355 943 3396 Α
963 3355 995 3398 Β
1021 3356 1253 3406 ςτόματος
1274 3357 1350 3397 καὶ
1372 3355 1589 3398 ὀδόντων
1612 3356 1640 3399 F
1657 3355 1717 3400 02
1799 3356 1926 3398 ςώαν
1947 3355 1979 3401 8
2064 3355 2110 3410 [9
2133 3379 2154 3383 -
2172 3353 2244 3408 10]
2271 3355 2300 3397 Ι.

257 3411 310 3450 10
342 3407 464 3466 (καὶ)
495 3411 642 3453 κακὸν
673 3410 919 3464 Eberhard]
957 3411 1102 3452 κακὸν
1134 3412 1167 3454 Α
1198 3415 1297 3454 τῶν
1327 3416 1488 3454 κακῶν
1517 3426 1603 3453 rec.
1635 3412 1671 3456 A
1757 3413 1925 3455 πάθοις
1952 3412 1988 3457 Α
2081 3413 2209 3465 ερὶιιι.
2240 3410 2297 3452 τὸ

258 3466 404 3517 μόνον
438 3467 498 3519 μὴ
528 3466 577 3520 G]
610 3467 667 3509 τὸ
700 3468 760 3520 μὴ
796 3468 940 3519 μόνον
961 3468 995 3511 Α
1029 3468 1172 3519 μόνον
1204 3469 1259 3509 τὸ
1293 3470 1353 3521 μὴ
1387 3470 1615 3510 Eberhard
1694 3470 1856 3511 ‘versus
1885 3471 2047 3511 fuerint
2077 3467 2141 3511 εἰς
2172 3465 2298 3509 ἀντί-

257 3522 383 3565 δοςιν
414 3522 535 3578 ἀνὴρ
566 3525 777 3578 πονηρὸς
809 3523 859 3566 εὖ
891 3524 1083 3576 πάςχων
1114 3525 1258 3576 λόγον
1289 3529 1492 3568 ποιεῖται
1522 3527 1598 3568 καὶ
1633 3526 1778 3578 μόνου
1809 3529 1896 3568 τοῦ
1929 3526 1989 3579 μὴ
2024 3525 2210 3579 βλάψαι.

425 3581 486 3623 95
517 3582 550 3624 A
590 3583 776 3622 87—88
808 3579 1040 3632 (κωτίλλω
1073 3588 1115 3622 et
1145 3580 1376 3635 ἀχαιῖνη),
1416 3585 1638 3624 90—92a
1669 3581 1949 3637 (πανθοίνην
1988 3589 2031 3624 et
2065 3581 2296 3630 δάπτων),

255 3638 444 3678 93-94
474 3637 708 3691 (νεβρείην
739 3635 935 3692 καρδίαν
967 3643 1009 3679 et
1038 3639 1221 3692 νεβρός)
1253 3639 1285 3683 8
1324 3641 1420 3682 375
1451 3656 1505 3676 =
1540 3640 1692 3684 03581
1725 3649 1799 3693 (=
1827 3641 2056 3694 Tyrwhitt)
2087 3656 2143 3676 =
2175 3638 2296 3681 {²356

254 3709 308 3729 =
332 3691 362 3737 G
393 3708 432 3747 p.
445 3696 540 3793 308
574 3714 632 3723 —
671 3698 696 3735 2
728 3695 802 3747 ἔφ’
834 3694 1052 3738 ἁπλώςας
1082 3694 1297 3749 Hartung]
1333 3695 1616 3748 ἑφαπλώςας
1648 3698 1681 3741 Α
1789 3700 1816 3738 4
1846 3696 2002 3740 ζώιειν
2031 3695 2068 3740 Α
2173 3696 2199 3734 8
2230 3691 2295 3736 εἰ(

254 3752 415 3803 χεῖρας
