2332 4134
370 555 519 608 Λέων
557 555 674 607 ποτ’
714 554 925 619 ἀνδρῶν
965 555 1078 619 βίον
1118 554 1325 619 ἄριςτον
1365 555 1569 619 ἐζήλου.

372 640 455 691 καὶ
495 640 557 703 δὴ
597 639 708 691 κατ>
747 640 904 704 εὐρὺν
942 641 1158 705 φωλεὸν
1198 641 1495 705 διατρίβων,

368 724 508 777 ὅςων
548 724 759 789 ἀρίςτην
798 725 1109 790 ἀριφρόνων
1148 728 1290 791 φυὴν
1330 725 1482 787 ἔγνω,

368 815 802 876 φιλοφρονεῑςθαι
838 812 1058 874 γνηςίως
1098 812 1357 875 ἐπειρᾶτο.

365 898 530 948 πολὺς
570 896 616 948 δ’
654 896 759 948 ὑπὸ
801 897 1046 960 ςπήλυγγι
1086 897 1273 960 θαμινὰ
1312 897 1580 949 παντοίων
2047 912 2071 950 5

368 986 546 1046 θηρῶν
586 982 764 1046 ὅμιλος
801 982 1009 1046 ἡμέρως
1049 983 1378 1045 ςυνηυλίςθη·

372 1067 402 1120 ὁ
443 1067 488 1120 δ’
527 1068 685 1120 εἱςτία
723 1085 778 1119 τε
816 1068 1020 1132 κάφίλει
1058 1069 1204 1136 νόμῳ
1245 1069 1429 1121 Ξείνων

367 1153 532 1218 ἁλίην,
570 1155 726 1206 τιθεὶς
765 1153 919 1205 ἅπαςι
958 1157 1111 1206 δαῖτα
1150 1155 1370 1218 θυμήρη.

366 1240 524 1305 φίλην
564 1242 623 1292 δὲ
660 1242 831 1304 κερδὼ
871 1242 955 1293 καὶ
994 1241 1234 1293 ςύνοικον
1274 1241 1489 1305 εἰλήφει,

365 1325 477 1390 μεθ>
514 1324 578 1389 ἧς
615 1326 681 1378 τὰ
720 1327 890 1378 πολλὰ
929 1327 1166 1390 μειλίχως
1206 1328 1478 1390 ςυνεζήτει.
2024 1339 2074 1377 10

364 1411 537 1475 γέρων
576 1412 634 1463 δέ
672 1429 746 1463 τις
783 1412 1002 1475 πίθηκος
1039 1411 1104 1475 ἦν
1143 1412 1172 1464 ὁ
1213 1413 1504 1476 δαιτρεύων

370 1501 538 1561 κρεῶν
576 1515 632 1549 τε
672 1498 934 1549 ςυςςίτοιςι
976 1499 1233 1561 διανέμων
1271 1498 1471 1562 μοίρας,

369 1581 444 1644 ὅς,
484 1582 531 1635 εἴ
566 1600 641 1635 τις
678 1582 836 1646 ἦλθεν
875 1581 991 1646 οὐχὶ
1029 1586 1121 1646 τῆς
1160 1584 1443 1646 ςυνηθείης,

362 1668 559 1721 ταύτὸν
595 1669 862 1733 παρετίθει
901 1669 1126 1737 δεςπότῃ
1165 1687 1222 1721 τε
1261 1668 1497 1738 κάκείνῳ,

367 1752 499 1818 ὅπερ
540 1752 678 1818 εἶχεν
718 1755 748 1806 ὁ
788 1755 925 1807 λέων
962 1755 1240 1823 νεοδρόμῳ
1279 1756 1454 1819 λαβὼν
1493 1754 1651 1823 θήρῃ·
2023 1767 2073 1805 15

363 1841 533 1904 κερδὼ
574 1839 620 1892 δ’
658 1840 843 1892 ἑώλων
881 1840 1072 1905 ἔφερεν
1112 1842 1208 1893 οὐκ
1245 1840 1355 1904 ἵςην
1393 1844 1596 1905 μοῖραν.

367 1927 451 1978 καὶ
489 1927 552 1990 δή
592 1926 710 1978 ποτ)
750 1926 912 1990 αὐτὴν
950 1927 1279 1990 προςποιητὰ
1318 1930 1536 1988 ςιγώςαν

368 2015 505 2066 λέων
544 2011 639 2064 τίν’
677 2011 816 2076 εἶχεν
856 2012 1021 2075 αἰτίην
1061 2013 1293 2076 διηρώτα

369 2100 585 2152 δείπνου
624 2116 680 2151 τε
718 2102 866 2162 χεῖρα
904 2099 987 2150 καὶ
1028 2101 1188 2163 βορῆς
1226 2097 1550 2161 ἀποςχοῦςα·

368 2185 564 2250 ςκερδοῖ
602 2186 758 2250 ςοφή,
797 2185 1021 2248 λάληςον
1060 2184 1231 2248 ὥςπερ
1272 2183 1496 2236 εἰώθεις·
2022 2195 2076 2234 20

368 2275 577 2338 φαιδρῷ
614 2270 881 2339 προςώπῳ
921 2269 1115 2331 δαιτός,
1154 2269 1197 2321 ὦ
1238 2270 1379 2334 φίλη,
1421 2268 1661 2333 ψαῦςον.’

370 2356 402 2419 ἡ
442 2355 487 2408 δ’
527 2354 694 2408 εἶπεν·
735 2354 794 2407 (ὦ
834 2356 1041 2420 φέριςτε
1080 2355 1280 2419 θηρίων
1316 2355 1515 2416 γέννης,

369 2445 538 2510 πολλῇ
577 2442 792 2510 μερίμνῃ
833 2441 1049 2505 καρδίην
1090 2441 1362 2495 διαξαίνω·

371 2529 434 2581 οὐ
472 2529 573 2593 γὰρ
612 2529 678 2580 τὰ
715 2532 811 2581 νῦν
849 2528 1091 2592 παρόντα
1129 2532 1328 2592 μοῦνον
1368 2526 1591 2589 ἀλγύνει,

369 2615 434 2667 τὰ
473 2613 520 2666 δ’
559 2613 752 2666 ἔπειτα’
791 2614 914 2679 φηςί
954 2612 1404 2678 “προςκοπουμένη
1446 2613 1623 2665 κλαίω.
2024 2621 2079 2661 25

366 2700 481 2752 καθ’
519 2700 716 2764 ἡμέρην
753 2700 854 2764 γὰρ
894 2698 941 2751 εἴ
976 2717 1050 2751 τις
1090 2698 1262 2760 ἄλλος,
1303 2697 1394 2751 εἶτ’
1435 2697 1592 2750 ἄλλος

369 2787 516 2841 ξένος
553 2787 788 2848 πελάζοι,
826 2789 986 2838 τοῦτο
1027 2785 1073 2837 δ’
1112 2785 1184 2837 εἰς
1221 2785 1344 2837 ἔθος
1384 2785 1568 2850 βαίνοι,

368 2871 483 2935 τάχ’
522 2870 639 2924 οὐδ’
678 2872 861 2924 ἑώλων
898 2871 1143 2936 γεύςομαι
1180 2873 1349 2935 κρεῶν
1386 2869 1586 2935 μούνη.’

371 2956 402 3009 ὁ
441 2957 578 3010 λε’ων
616 2959 676 3010 δ“ε
713 2957 958 3022 τερφθεὶς
997 2957 1069 3008 ὡς
1107 2957 1244 3009 λέων
1282 2974 1338 3009 τε
1376 2956 1618 3021 μειδήςας

370 3041 540 3095 εἶπεν·
579 3041 797 3111 ςπιθήκῳ
836 3045 1002 3094 ταῦτα
1040 3041 1157 3106 μηδ’
1197 3033 1310 3106 ἐμοὶ
1347 3040 1590 3107 μέμφου.’
2024 3049 2079 3088 30

200 3143 317 3195 Ὅτι
377 3145 574 3207 μᾶλλον
636 3142 875 3205 ἀλγύνειν
937 3142 1022 3194 καὶ
1077 3144 1258 3194 λυπεῖν
1314 3139 1461 3194 οἶδεν
1518 3140 1836 3206 ἀνθρώπους
1893 3137 1956 3191 οὐ
2014 3136 2079 3187 τὰ

35 3228 274 3293 παρόντα
310 3227 492 3292 μόνον,
529 3227 643 3280 καθ’
682 3227 808 3280 ὅςον
844 3227 943 3291 ἤδη
982 3227 1013 3291 ἡ
1053 3230 1160 3279 τῶν
1198 3227 1499 3291 μελλόντων
1539 3226 1847 3291 προςδοκία.

206 3383 295 3427 106
332 3382 367 3428 Α
416 3403 474 3413 -
533 3386 558 3424 3
606 3382 884 3439 ἀριφρόνων
927 3384 973 3439 G]
1022 3384 1299 3439 ὸριτρόφων
1338 3385 1373 3429 Α
1419 3384 1557 3437 φύςιν
1598 3380 1896 3438 ὀρειτρόφων
1935 3382 2081 3436 Bergk

40 3442 70 3482 4
97 3439 317 3496 ἐπειράθη
350 3442 492 3482 Lewis
610 3443 634 3482 6
666 3439 846 3495 θηρίων
880 3441 914 3485 Α
1033 3444 1055 3482 7
1089 3442 1165 3483 καὶ
1196 3440 1345 3494 ἐφίλει
1375 3439 1423 3494 (ἀ
1455 3454 1585 3494 supra
1617 3440 1638 3482 ἐ
1669 3453 1749 3481 ser.
1776 3453 1830 3481 m.
1851 3452 1938 3480 ree.
1969 3443 2080 3480 atra-

41 3504 186 3540 mento
217 3499 360 3552 nigro)
391 3497 427 3542 Α
581 3500 708 3539 7-8
747 3496 914 3541 ξείνων
946 3496 1105 3551 ἁλίην,
1138 3498 1356 3551 (distinxit
1386 3498 1437 3551 G)
1468 3497 1521 3551 Α]
1564 3496 1753 3545 Ξείνων,
1786 3495 1908 3549 ἅδην
1938 3496 2079 3537 Boiss.

43 3553 230 3607 ξείνων,
260 3553 366 3608 λίην
397 3555 449 3597 G.
479 3555 705 3596 Hermann
866 3558 918 3596 10
961 3554 1199 3609 ςυνεζήκει
1230 3557 1313 3596 Fix
1476 3557 1527 3595 12
1558 3567 1611 3597 τε
1642 3554 1851 3595 Duebner
1883 3551 1928 3605 1.]
1964 3552 2014 3595 δὲ
2045 3552 2079 3596 Α

44 3612 97 3653 15
127 3609 250 3655 εἷλεν
277 3611 305 3655 Ι.
394 3614 445 3654 16
475 3611 634 3666 κερδοῖ
655 3613 803 3666 Bergk
891 3610 1058 3666 μοίραν
1080 3612 1115 3656 Α
1149 3616 1318 3666 μοῖραν
1349 3612 1518 3666 ἔφερεν
1552 3611 1710 3664 (ἔφερε
1743 3612 1914 3665 μοῖραν
1944 3611 2080 3650 Eber-

42 3667 167 3718 hard)
198 3667 284 3710 οὐκ
313 3667 417 3721 ’ίςην
449 3669 500 3711 G.
521 3670 746 3710 Hermann
773 3670 1002 3710 Eberhard
1093 3672 1144 3711 19
1169 3673 1334 3724 χεῖραν
1355 3668 1390 3713 Α
1479 3667 1744 3721 ἀποςχοῡςα
1767 3667 1819 3709 G.
1838 3664 2076 3720 Hermann]

46 3722 338 3778 ἀποεχοῦςαν
368 3725 403 3769 Α
487 3740 529 3767 v.
555 3729 605 3767 19
637 3731 738 3767 ante
767 3740 808 3767 V.
833 3728 885 3767 18
916 3727 1178 3768 conlocabat
1202 3727 1419 3780 Bergkius
1537 3728 1591 3766 20
1623 3723 1795 3777 εἰώθης
1825 3738 1888 3778 pr.
1909 3724 1943 3768 Α
1972 3736 2078 3764 corr.

44 3793 101 3822 m.
130 3787 215 3824 ant.
347 3785 400 3823 26
430 3782 612 3838 ἡμέραν
643 3783 677 3827 Α
811 3785 865 3823 27
899 3781 1047 3835 βαίνοι
1078 3784 1287 3825 Duebner
1319 3781 1392 3836 [ᾗ]
1429 3784 1591 3835 βαῖνον
1621 3781 1656 3825 Α
1792 3784 1846 3821 30
1880 3781 1939 3834 μὴ
1975 3779 2013 3820 δ’
2044 3779 2079 3823 Α
