2332 4134
1069 255 1421 304 ..10-

575 403 656 453 καὶ
694 403 759 465 μή
799 400 847 464 μ’
888 401 1092 463 ὀρεινῆς
1132 396 1362 459 ὀργάδος
1401 395 1458 444 ςύ
1499 394 1763 460 χωρίςςῃς.

572 488 698 549 μετὰ
737 490 826 547 τῆς
866 485 1084 546 Ἀθηνᾶς
1124 481 1292 543 ἄνδρα
1330 480 1412 530 καὶ
1450 478 1602 529 πόλιν
1641 478 1852 541 φεύγω·

573 571 717 623 οἶκος
757 573 813 623 δέ
852 588 935 633 μοι
974 572 1075 619 πᾶς
1113 566 1363 628 κάπίμιξις
1403 563 1705 626 ἀνθρώπων

574 657 739 718 λύπην
777 658 1011 707 παλαιῶν
1052 653 1336 715 ςυμφορῶν
1377 649 1652 701 ἀναξαίνει.

644 740 962 807 [παραμυθία
999 739 1074 789 τίς
1112 738 1212 787 έςτι
1250 739 1340 797 τῆς
1378 738 1538 797 κακῆς
1576 734 1759 797 μοίρης

570 827 727 887 λόγος
766 826 931 889 ςοφὸς
970 825 1051 874 καὶ
1090 826 1254 885 μοῡςα
1293 821 1375 871 καὶ
1414 821 1554 883 φυγὴ
1594 820 1853 882 πλήθους·

569 913 701 974 λύπη
742 911 803 971 δ’,
844 909 972 961 ὅταν
1012 925 1084 958 τις
1099 903 1294 976 <οἷςιν>
1339 906 1569 957 εὐθενῶν
1609 906 1782 969 ὤφθη,

567 998 773 1048 τούτοις
811 996 1055 1047 ταπεινὸς
1094 993 1239 1044 αὖθις
1280 992 1354 1042 ὢν
1393 990 1696 1058 ςυνοικήςῃ.]

399 1097 512 1147 Ὅτι
563 1097 807 1159 ςυμφέρει
859 1099 931 1162 τῷ
988 1093 1277 1157 ἠδικημένῳ
1333 1091 1520 1154 πόρρω
1578 1090 1812 1151 γενέςθαι
1869 1091 1974 1141 τῶν
2023 1089 2095 1141 εἰς
2142 1087 2267 1141 ἀνά-

227 1199 403 1246 Ιιινηςιν
443 1182 605 1233 αὐτὸν
645 1180 924 1245 φερόντων
964 1181 1149 1229 κακῶν.

1200 1362 1315 1419 l2a

570 1465 758 1528 Ἀγροῦ
799 1465 1016 1527 χελιδὼν
1055 1462 1255 1526 μακρὸν
1295 1462 1614 1524 ἐξεπωτήθη,

574 1550 724 1614 εὗρεν
763 1550 807 1602 δ>
848 1551 1056 1613 ἐρήμοις
1097 1549 1452 1611 έγκαθημένην
1489 1546 1631 1599 ὕλαις

573 1635 756 1698 ἀηδόν’
797 1635 1106 1698 ὀξύφωνον·
1147 1634 1177 1695 ἡ
1219 1622 1264 1685 δ’
1306 1632 1588 1696 ἀπεθρήνει

2318 1126 2332 1168 ’ἕ

2323 1173 2332 1237 ¹2

2324 1243 2332 1284 4

2323 1298 2332 1336 ,ξ

572 1722 666 1772 τὸν
702 1721 833 1771 Ἴτυν
874 1719 1054 1782 ἄωρον
1094 1719 1379 1770 έκπεςόντα
1415 1721 1507 1780 τῆς
1546 1718 1700 1781 ὥρης.
2263 1732 2284 1762 4

507 1821 531 1858 5
572 1807 634 1870 χὴ
675 1809 766 1868 μὲν
805 1808 1022 1868 χελιδὼν
1061 1803 1196 1856 εἶπε·
1236 1799 1502 1868 ζφιλτάτη,
1543 1804 1714 1863 ζώεις;
2263 1816 2280 1846 7

572 1891 650 1943 ἀεί
688 1909 761 1942 τις
799 1892 929 1953 ἡμᾶς
967 1892 1149 1954 πικρὸς
1188 1890 1379 1952 ἕςχιςεν
1418 1889 1644 1952 δαίμων·
2262 1902 2282 1930 ss
2330 1879 2332 1882 ¹

573 1978 655 2027 καὶ
694 1978 944 2039 παρθένοι
982 1977 1080 2038 γὰρ
1121 1976 1280 2038 χωρὶς
1319 1973 1446 2037 ἦμεν
1486 1973 1741 2036 ἀλλήλων.
2245 1987 2284 2018 10

573 2063 828 2124 ὕπαιθρον
867 2062 992 2123 ὕλην
1032 2065 1173 2112 λεῖπε
1212 2062 1294 2111 καὶ
1334 2059 1456 2122 παρ’
1497 2059 1798 2122 ἀνθρώποις
2244 2073 2284 2103 14

575 2147 869 2211 ὁμώροφόν
908 2164 991 2208 μοι
1030 2150 1179 2209 δῶμα
1218 2147 1301 2196 καὶ
1339 2146 1519 2207 ςτέγην
1560 2140 1720 2196 οἴκει.’
2246 2157 2283 2187 ιῡ

483 2245 534 2283 10
575 2234 668 2295 τὴν
707 2231 751 2285 δ’
793 2232 902 2284 αὖτ’
942 2232 1122 2294 ἀηδὼν
1162 2231 1443 2295 ὀξύφωνος
1482 2230 1735 2294 ἠμείφθη·
1983 2292 1985 2294 q
2244 2242 2284 2272 19

574 2312 664 2370 (ἔα
702 2336 762 2381 με
801 2320 1009 2381 πέτραις
1050 2318 1282 2380 ἐμμένειν
1321 2317 1604 2378 ἀοικήτοις·
1850 2357 1855 2363 .
2243 2329 2285 2360 ⁶20

575 2407 677 2454 πᾶς
715 2421 799 2466 μοι
837 2405 934 2466 γὰρ
977 2402 1121 2454 οἶκος
1160 2402 1411 2465 κάπίμιξις
1451 2401 1752 2464 ἀνθρώπων
1984 2455 1987 2457 ,
2193 2430 2197 2431 ⁷
2243 2413 2284 2444 23

579 2490 744 2550 λύπην
784 2492 1019 2540 παλαιῶν
1058 2491 1344 2551 ςυμφορῶν
1383 2477 1678 2539 ἀναξαίνει.’
2244 2499 2322 2529 24-

655 2572 809 2640 [λύπη
849 2573 955 2634 ’ςθ’,
995 2573 1123 2624 ὅταν
1162 2590 1235 2623 τις
1251 2570 1441 2641 <οἶςιν>
1485 2572 1717 2623 εὐθενῶν
1757 2572 1939 2635 ὤφθη,
2244 2552 2323 2614 εἷ’

488 2673 538 2710 15
577 2659 781 2710 τούτοις
821 2660 1064 2709 ταπεινὸς
1104 2658 1249 2709 αὖθις
1290 2659 1365 2708 ὢν
1404 2656 1706 2724 ςυνοικήςῃ.]
2244 2668 2286 2700 28

406 2876 586 2913 -21-22
629 2888 710 2914 om.
742 2887 767 2914 a
799 2874 909 2914 Gud.
1057 2875 1107 2912 21
1142 2872 1342 2926 ὀρχάδος
1375 2872 1407 2915 Α
1506 2873 1556 2914 ςὺ
1598 2870 1800 2926 χωρίςῃς
1837 2873 1870 2914 Α
1902 2869 2227 2925 ςυγχωρήςειςΙ
2248 2869 2279 2913 V

237 2934 288 2969 22
322 2933 405 2982 τῆς
426 2929 629 2982 Ἀθηνᾶς
663 2929 712 2982 G]
747 2930 830 2971 τὰς
852 2929 1052 2982 Ἀθήνας
1085 2929 1117 2971 Α
1198 2929 1347 2982 ἄνδρα
1379 2930 1455 2971 καὶ
1486 2928 1623 2970 πάλιν
1658 2927 1754 2980 μετ’
1785 2927 1965 2981 ἀθήνας
1996 2926 2217 2982 ἐκφεύγω
2249 2926 2280 2969 V

237 2988 287 3025 23
320 2985 546 3037 κάπίμιξις
581 2985 626 3038 Ι.]
661 2988 735 3028 καὶ
769 2985 957 3037 έπίμιξις
989 2987 1021 3029 Α
1054 2988 1082 3039 ἥ
1116 2999 1167 3028 τε
1202 2984 1314 3037 μίξις
1346 2989 1407 3026 a2
1435 2986 1546 3027 Gud.
1579 2984 1772 3036 έπίμιξίς
1801 2985 1842 3027 τ’
1874 2985 1943 3028 Va
1967 2987 1988 3024 1
2119 2986 2175 3025 24
2204 2983 2288 3027 λύ-

234 3055 330 3094 πην
353 3043 428 3086 Αν
451 3042 500 3096 Β]
538 3043 721 3094 μνήμην
754 3057 781 3083 a
812 3044 919 3083 Gud.
1014 3046 1105 3083 25—
1127 3045 1180 3083 28
1213 3057 1295 3083 om.
1321 3043 1350 3084 V
1373 3056 1399 3083 a
1429 3043 1542 3084 Gud.
1632 3045 1684 3082 27
1718 3043 1768 3084 δὲ
1800 3042 1834 3087 Α
1914 3039 2026 3085 οἷςιν
2057 3039 2283 3095 Duebner]

237 3114 318 3140 om.
353 3102 385 3142 Α
418 3097 486 3142 οἷς
517 3099 620 3142 ποτ’
654 3102 802 3153 Haupt
888 3100 1095 3142 εὐθενῶν
1131 3100 1268 3151 ὤφθη
1303 3098 1528 3152 Duebner]
1564 3099 1798 3142 εὐςθενῶν
1830 3099 1956 3154 ὀφθῇ
1988 3099 2023 3144 Α
2126 3098 2181 3139 28
2213 3097 2283 3140 ὢν

241 3155 462 3209 Duobner]
499 3156 567 3198 ὧν
602 3156 634 3198 Α
724 3158 927 3209 epimyth.
960 3157 1251 3197 ὅτι-κακῶν
1284 3155 1384 3209 ΑΥ]
1429 3157 1453 3198 ὁ
1493 3158 1637 3207 μῦθος
1669 3157 1827 3208 δηλοῖ,
1868 3156 1943 3198 ὅτι
1981 3158 2202 3210 κρεῖττον
2233 3153 2284 3196 ἑν

234 3211 424 3266 ἐρήμοις
456 3215 539 3265 ζῆν
572 3212 766 3254 ἀλύπως
799 3214 826 3265 ἢ
862 3216 1090 3255 ςυνοικεῑν
1125 3213 1175 3254 ἑν
1206 3213 1362 3255 πόλεςι
1392 3216 1493 3255 τοῖς
1525 3216 1685 3255 κακοῖς
1717 3216 1936 3267 (κρεῖτειν
1958 3213 2091 3260 Gud.)
2122 3225 2150 3254 a
2169 3211 2282 3253 Gud.

404 3283 493 3326 1221
516 3283 569 3323 ef.
595 3284 663 3325 82
699 3282 839 3337 [Ὅτι]
874 3283 959 3324 τὸν
991 3283 1261 3335 λυπηθέντα
1295 3283 1344 3324 ἐκ
1376 3296 1504 3325 τινος
1534 3284 1681 3336 τύχης
1709 3283 1892 3326 καὶτὸν
1914 3283 2064 3326 τόπον
2085 3281 2281 3336 φεύγειν

234 3339 425 3389 ἐθέλειν,
459 3339 570 3381 ἔνθα
602 3340 630 3392 ἡ
663 3341 784 3391 λύπη
819 3339 1003 3392 ςυνέβη.
1037 3341 1109 3392 (cf.
1144 3343 1308 3380 14—15
1331 3357 1384 3375 =
1409 3343 1460 3380 27
1473 3342 1589 3389 --28‚
1622 3354 1885 3393 quamquam
1915 3342 2176 3383 sententiam
2206 3339 2282 3379 ali-

237 3398 495 3448 quantulum
526 3399 731 3447 variavit,
774 3399 846 3448 qui
887 3397 964 3437 hos
996 3410 1144 3437 versus
1184 3397 1320 3448 feeit.)
1381 3396 1572 3449 Ἀηδόνι
1614 3396 1920 3449 ξυνεβούλευε
1951 3394 2152 3450 χελιδὼν
2181 3397 2285 3438 τοῖς

238 3451 506 3505 ἀνθρώποις
538 3453 654 3495 εἶναι
685 3453 1007 3506 ὁμώροφον
1043 3453 1113 3505 (cf.
1146 3455 1317 3504 9:15>
1352 3454 1425 3494 καὶ
1458 3453 1672 3496 ςύνοικον
1705 3454 1772 3496 ὡς
1805 3453 1939 3507 αὐτή.
1986 3452 2015 3506 ἡ
2050 3452 2102 3496 δὲ
2131 3451 2283 3496 εἶπεν·

236 3508 305 3550 “οὐ
349 3508 470 3550 θέλω
512 3510 601 3561 τὴν
642 3510 829 3561 λύπην
870 3512 984 3550 τῶν
1024 3511 1292 3551 παλαιῶν
1339 3522 1440 3560 μου
1486 3513 1806 3563 ςυ-μφορῶν
1848 3511 1919 3561 (cf.
1963 3511 2165 3555 13==24)
2207 3520 2282 3560 με·

240 3567 436 3617 μνῆςθαι
468 3566 541 3607 καὶ
575 3566 648 3607 διὰ
679 3569 823 3607 τοῦτο
854 3565 938 3609 τὰς
971 3564 1174 3618 ἐρήμους
1206 3566 1277 3614 (ef.
1305 3569 1469 3606 11:20
1493 3567 1580 3618 Α2)
1614 3565 1739 3609 οἰκῶ.
1763 3587 1822 3595 -
1851 3569 1876 3607 5
1907 3567 1966 3620 χὴ
1999 3567 2155 3619 scripsi
2185 3578 2286 3604 eum

239 3634 264 3660 a
296 3621 407 3663 Gud.
525 3625 573 3662 12
606 3625 695 3665 πᾶς
728 3635 801 3674 μοι
834 3622 922 3676 γὰρ
955 3621 1079 3663 οἶκος
1112 3621 1160 3675 G]
1196 3623 1321 3663 οἶκος
1354 3622 1403 3664 δέ
1438 3635 1511 3674 μοι
1543 3626 1635 3666 πᾶς
1667 3625 1765 3663 libri
1879 3626 1933 3665 14
1962 3622 2087 3675 λύπη
2119 3619 2199 3664 'cO’
2232 3618 2282 3674 G]

234 3677 360 3730 λύπη
395 3677 433 3719 δ’
467 3679 576 3721 libri.
611 3685 800 3719 ceterum
834 3693 898 3719 vv.
923 3681 1090 3718 25—28
1122 3681 1386 3732 compositos
1419 3694 1512 3720 esse
1534 3686 1626 3720 tum
1648 3681 1833 3731 demum,
1867 3694 1966 3721 cum
1993 3682 2084 3720 iam
2106 3691 2160 3719 ex
2179 3678 2285 3721 duaf

239 3736 318 3774 bus
352 3735 511 3775 fabulis
544 3735 658 3776 sacta
691 3742 801 3776 esset
835 3749 945 3783 una,
977 3749 1063 3774 non
1096 3737 1344 3789 negaverim
