<?xml version="1.0" encoding="UTF-8"?>
<!DOCTYPE html PUBLIC "-//W3C//DTD XHTML 1.0 Transitional//EN"
    "http://www.w3.org/TR/xhtml1/DTD/xhtml1-transitional.dtd">
<html xmlns="http://www.w3.org/1999/xhtml" xml:lang="en" lang="en">
 <head>
  <title>
</title>
<meta http-equiv="Content-Type" content="text/html;charset=utf-8" />
  <meta name='ocr-system' content='tesseract 3.04.00' />
  <meta name='ocr-capabilities' content='ocr_page ocr_carea ocr_par ocr_line ocrx_word'/>
</head>
<body>
  <div class='ocr_page' id='page_1' title='image "babriifabulae00babruoft_0063.png"; bbox 0 0 2332 4134; ppageno 0'>
   <div class='ocr_carea' id='block_1_1' title="bbox 895 276 1246 329">
    <p class='ocr_par' dir='ltr' id='par_1_1' title="bbox 895 276 1246 329">
     <span class='ocr_line' id='line_1_1' title="bbox 895 276 1246 329; baseline 0 -15"><span class='ocrx_word' id='word_1_1' title='bbox 895 276 1246 329; x_wconf 50' lang='grc'><strong>*51-</strong></span> 
     </span>
    </p>
   </div>
   <div class='ocr_carea' id='block_1_2' title="bbox 387 418 2101 2800">
    <p class='ocr_par' dir='ltr' id='par_1_2' title="bbox 387 418 2090 569">
     <span class='ocr_line' id='line_1_2' title="bbox 387 418 2090 488; baseline 0.002 -17"><span class='ocrx_word' id='word_1_2' title='bbox 387 420 470 488; x_wconf 81' lang='grc' dir='ltr'>βίῃ</span> <span class='ocrx_word' id='word_1_3' title='bbox 512 418 558 471; x_wconf 79' lang='grc' dir='ltr'>δ’</span> <span class='ocrx_word' id='word_1_4' title='bbox 597 420 981 471; x_wconf 88' lang='grc' dir='ltr'>ἀποςπαςθεῖςα</span> <span class='ocrx_word' id='word_1_5' title='bbox 1019 422 1216 483; x_wconf 87' lang='grc' dir='ltr'>μᾶλλον</span> <span class='ocrx_word' id='word_1_6' title='bbox 1257 420 1504 482; x_wconf 81' lang='grc' dir='ltr'>ἐτρώθης.</span> <span class='ocrx_word' id='word_1_7' title='bbox 2037 438 2090 475; x_wconf 80' lang='lat'>75</span> 
     </span>
     <span class='ocr_line' id='line_1_3' title="bbox 390 505 1534 569; baseline -0.002 -12"><span class='ocrx_word' id='word_1_8' title='bbox 390 506 474 557; x_wconf 87' lang='grc' dir='ltr'>καὶ</span> <span class='ocrx_word' id='word_1_9' title='bbox 511 508 606 556; x_wconf 85' lang='grc' dir='ltr'>νῦν</span> <span class='ocrx_word' id='word_1_10' title='bbox 646 505 841 557; x_wconf 88' lang='grc' dir='ltr'>ἐκεῖνος</span> <span class='ocrx_word' id='word_1_11' title='bbox 879 508 1058 556; x_wconf 89' lang='grc' dir='ltr'>πλεῖον</span> <span class='ocrx_word' id='word_1_12' title='bbox 1095 507 1126 569; x_wconf 83' lang='grc' dir='ltr'>ἣ</span> <span class='ocrx_word' id='word_1_13' title='bbox 1168 506 1225 556; x_wconf 87' lang='grc' dir='ltr'>ςὺ</span> <span class='ocrx_word' id='word_1_14' title='bbox 1265 508 1534 568; x_wconf 83' lang='grc' dir='ltr'>θυμοῦται,</span> 
     </span>
    </p>

    <p class='ocr_par' dir='ltr' id='par_1_3' title="bbox 392 590 1516 654">
     <span class='ocr_line' id='line_1_4' title="bbox 392 590 1516 654; baseline 0 -12"><span class='ocrx_word' id='word_1_15' title='bbox 392 591 506 653; x_wconf 84' lang='grc' dir='ltr'><strong>λίην</strong></span> <span class='ocrx_word' id='word_1_16' title='bbox 547 590 761 642; x_wconf 86' lang='grc' dir='ltr'>ἄπιςτον</span> <span class='ocrx_word' id='word_1_17' title='bbox 798 591 1044 654; x_wconf 88' lang='grc' dir='ltr'>πειράςας</span> <span class='ocrx_word' id='word_1_18' title='bbox 1082 608 1134 643; x_wconf 87' lang='grc' dir='ltr'>ςε</span> <span class='ocrx_word' id='word_1_19' title='bbox 1172 591 1255 642; x_wconf 88' lang='grc' dir='ltr'>καὶ</span> <span class='ocrx_word' id='word_1_20' title='bbox 1295 591 1516 654; x_wconf 86' lang='grc' dir='ltr'>κούφην,</span> 
     </span>
    </p>

    <p class='ocr_par' dir='ltr' id='par_1_4' title="bbox 392 677 1538 742">
     <span class='ocr_line' id='line_1_5' title="bbox 392 677 1538 742; baseline -0.002 -13"><span class='ocrx_word' id='word_1_21' title='bbox 392 680 567 742; x_wconf 87' lang='grc' dir='ltr'>βαςιλῆ</span> <span class='ocrx_word' id='word_1_22' title='bbox 608 678 664 729; x_wconf 79' lang='grc' dir='ltr'>δέ</span> <span class='ocrx_word' id='word_1_23' title='bbox 704 695 825 741; x_wconf 93' lang='grc' dir='ltr'>φηςι</span> <span class='ocrx_word' id='word_1_24' title='bbox 863 678 959 729; x_wconf 87' lang='grc' dir='ltr'>τὸν</span> <span class='ocrx_word' id='word_1_25' title='bbox 998 677 1157 729; x_wconf 86' lang='grc' dir='ltr'>λύκον</span> <span class='ocrx_word' id='word_1_26' title='bbox 1195 677 1538 739; x_wconf 89' lang='grc' dir='ltr'>καταςτήςειν.</span> 
     </span>
    </p>

    <p class='ocr_par' dir='ltr' id='par_1_5' title="bbox 392 761 1472 826">
     <span class='ocr_line' id='line_1_6' title="bbox 392 761 1472 826; baseline -0.002 -12"><span class='ocrx_word' id='word_1_27' title='bbox 392 761 531 825; x_wconf 83' lang='grc' dir='ltr'>οἴμοι</span> <span class='ocrx_word' id='word_1_28' title='bbox 570 766 809 826; x_wconf 83' lang='grc' dir='ltr'>πονηροῦ</span> <span class='ocrx_word' id='word_1_29' title='bbox 851 762 1123 814; x_wconf 88' lang='grc' dir='ltr'>δεςπότου.</span> <span class='ocrx_word' id='word_1_30' title='bbox 1163 762 1211 813; x_wconf 92' lang='grc' dir='ltr'>τί</span> <span class='ocrx_word' id='word_1_31' title='bbox 1250 763 1472 825; x_wconf 91' lang='grc' dir='ltr'>ποιήςω;</span> 
     </span>
    </p>

    <p class='ocr_par' dir='ltr' id='par_1_6' title="bbox 391 847 2095 998">
     <span class='ocr_line' id='line_1_7' title="bbox 393 847 2095 916; baseline 0.002 -15"><span class='ocrx_word' id='word_1_32' title='bbox 393 847 577 901; x_wconf 89' lang='grc' dir='ltr'>ἅπαςιν</span> <span class='ocrx_word' id='word_1_33' title='bbox 614 848 732 911; x_wconf 83' lang='grc' dir='ltr'>ἡμῖν</span> <span class='ocrx_word' id='word_1_34' title='bbox 773 847 905 911; x_wconf 87' lang='grc' dir='ltr'>αἰτίη</span> <span class='ocrx_word' id='word_1_35' title='bbox 946 851 1120 899; x_wconf 82' lang='grc' dir='ltr'>κακῶν</span> <span class='ocrx_word' id='word_1_36' title='bbox 1157 848 1287 916; x_wconf 81' lang='grc' dir='ltr'>γίνῃ.</span> <span class='ocrx_word' id='word_1_37' title='bbox 2039 866 2095 904; x_wconf 81' lang='grc'>80</span> 
     </span>
     <span class='ocr_line' id='line_1_8' title="bbox 391 933 1490 998; baseline 0 -12"><span class='ocrx_word' id='word_1_38' title='bbox 391 933 503 986; x_wconf 78' lang='grc' dir='ltr'>ἀλλ’</span> <span class='ocrx_word' id='word_1_39' title='bbox 543 935 661 986; x_wconf 81' lang='grc' dir='ltr'>ἐλθὲ</span> <span class='ocrx_word' id='word_1_40' title='bbox 701 935 784 985; x_wconf 85' lang='grc' dir='ltr'>καὶ</span> <span class='ocrx_word' id='word_1_41' title='bbox 823 935 884 985; x_wconf 88' lang='grc' dir='ltr'>τὸ</span> <span class='ocrx_word' id='word_1_42' title='bbox 925 935 1110 986; x_wconf 88' lang='grc' dir='ltr'>λοιπὸν</span> <span class='ocrx_word' id='word_1_43' title='bbox 1146 933 1246 986; x_wconf 80' lang='grc' dir='ltr'>ἴςθι</span> <span class='ocrx_word' id='word_1_44' title='bbox 1282 935 1490 998; x_wconf 77' lang='grc' dir='ltr'>γενναίη</span> 
     </span>
    </p>

    <p class='ocr_par' dir='ltr' id='par_1_7' title="bbox 391 1019 1625 1084">
     <span class='ocr_line' id='line_1_9' title="bbox 391 1019 1625 1084; baseline 0.001 -12"><span class='ocrx_word' id='word_1_45' title='bbox 391 1019 510 1084; x_wconf 81' lang='grc' dir='ltr'>μηδ’</span> <span class='ocrx_word' id='word_1_46' title='bbox 550 1019 792 1082; x_wconf 88' lang='grc' dir='ltr'>ἐπτόηςο,</span> <span class='ocrx_word' id='word_1_47' title='bbox 831 1019 1104 1083; x_wconf 86' lang='grc' dir='ltr'>πρόβατον</span> <span class='ocrx_word' id='word_1_48' title='bbox 1143 1019 1259 1071; x_wconf 79' lang='grc' dir='ltr'>οἷον</span> <span class='ocrx_word' id='word_1_49' title='bbox 1299 1020 1355 1071; x_wconf 90' lang='grc' dir='ltr'>ἐκ</span> <span class='ocrx_word' id='word_1_50' title='bbox 1392 1021 1625 1083; x_wconf 91' lang='grc' dir='ltr'>ποίμνης.</span> 
     </span>
    </p>

    <p class='ocr_par' dir='ltr' id='par_1_8' title="bbox 389 1104 1621 1170">
     <span class='ocr_line' id='line_1_10' title="bbox 389 1104 1621 1170; baseline 0 -12"><span class='ocrx_word' id='word_1_51' title='bbox 389 1104 579 1170; x_wconf 90' lang='grc' dir='ltr'>ὄμνυμι</span> <span class='ocrx_word' id='word_1_52' title='bbox 615 1105 714 1168; x_wconf 86' lang='grc' dir='ltr'>γάρ</span> <span class='ocrx_word' id='word_1_53' title='bbox 756 1122 832 1157; x_wconf 92' lang='grc' dir='ltr'>ςοι</span> <span class='ocrx_word' id='word_1_54' title='bbox 870 1106 1044 1170; x_wconf 92' lang='grc' dir='ltr'>φύλλα</span> <span class='ocrx_word' id='word_1_55' title='bbox 1081 1105 1253 1156; x_wconf 90' lang='grc' dir='ltr'>πάντα</span> <span class='ocrx_word' id='word_1_56' title='bbox 1292 1107 1374 1157; x_wconf 87' lang='grc' dir='ltr'>καὶ</span> <span class='ocrx_word' id='word_1_57' title='bbox 1412 1107 1621 1169; x_wconf 91' lang='grc' dir='ltr'>κρήνας,</span> 
     </span>
    </p>

    <p class='ocr_par' dir='ltr' id='par_1_9' title="bbox 393 1191 1523 1254">
     <span class='ocr_line' id='line_1_11' title="bbox 393 1191 1523 1254; baseline 0 -11"><span class='ocrx_word' id='word_1_58' title='bbox 393 1191 535 1244; x_wconf 85' lang='grc' dir='ltr'>οὕτω</span> <span class='ocrx_word' id='word_1_59' title='bbox 575 1191 779 1252; x_wconf 78' lang='grc' dir='ltr'>γένοιτό</span> <span class='ocrx_word' id='word_1_60' title='bbox 821 1208 896 1243; x_wconf 90' lang='grc' dir='ltr'>ςοι</span> <span class='ocrx_word' id='word_1_61' title='bbox 936 1191 1102 1254; x_wconf 93' lang='grc' dir='ltr'>μόνην</span> <span class='ocrx_word' id='word_1_62' title='bbox 1140 1208 1200 1252; x_wconf 93' lang='grc' dir='ltr'>με</span> <span class='ocrx_word' id='word_1_63' title='bbox 1240 1193 1523 1253; x_wconf 79' lang='grc' dir='ltr'>δουλεύειν,</span> 
     </span>
    </p>

    <p class='ocr_par' dir='ltr' id='par_1_10' title="bbox 389 1273 2097 1429">
     <span class='ocr_line' id='line_1_12' title="bbox 393 1273 2097 1342; baseline 0.002 -12"><span class='ocrx_word' id='word_1_64' title='bbox 393 1277 467 1329; x_wconf 79' lang='grc' dir='ltr'>ὡς</span> <span class='ocrx_word' id='word_1_65' title='bbox 506 1277 664 1330; x_wconf 80' lang='grc' dir='ltr'>οὐδὲν</span> <span class='ocrx_word' id='word_1_66' title='bbox 705 1277 897 1341; x_wconf 86' lang='grc' dir='ltr'>ἐχθρὸν</span> <span class='ocrx_word' id='word_1_67' title='bbox 936 1278 966 1328; x_wconf 85' lang='grc' dir='ltr'>ὁ</span> <span class='ocrx_word' id='word_1_68' title='bbox 1006 1277 1180 1340; x_wconf 78' lang='grc' dir='ltr'>λόγος,</span> <span class='ocrx_word' id='word_1_69' title='bbox 1221 1276 1330 1329; x_wconf 80' lang='grc' dir='ltr'>ἀλλ’</span> <span class='ocrx_word' id='word_1_70' title='bbox 1368 1273 1455 1330; x_wconf 82' lang='grc' dir='ltr'>ὑπ’</span> <span class='ocrx_word' id='word_1_71' title='bbox 1494 1278 1698 1342; x_wconf 87' lang='grc' dir='ltr'>εὐνοίης</span> <span class='ocrx_word' id='word_1_72' title='bbox 2043 1294 2097 1333; x_wconf 79' lang='grc'>85</span> 
     </span>
     <span class='ocr_line' id='line_1_13' title="bbox 389 1363 1492 1429; baseline 0.002 -15"><span class='ocrx_word' id='word_1_73' title='bbox 389 1363 553 1426; x_wconf 85' lang='grc' dir='ltr'>τίθηςι</span> <span class='ocrx_word' id='word_1_74' title='bbox 592 1363 809 1414; x_wconf 89' lang='grc' dir='ltr'>πάντων</span> <span class='ocrx_word' id='word_1_75' title='bbox 848 1363 1030 1426; x_wconf 85' lang='grc' dir='ltr'>κυρίην</span> <span class='ocrx_word' id='word_1_76' title='bbox 1069 1380 1120 1414; x_wconf 92' lang='grc' dir='ltr'>ςε</span> <span class='ocrx_word' id='word_1_77' title='bbox 1159 1365 1265 1414; x_wconf 82' lang='grc' dir='ltr'>τῶν</span> <span class='ocrx_word' id='word_1_78' title='bbox 1304 1363 1492 1429; x_wconf 75' lang='grc' dir='ltr'>Ζῴων.’</span> 
     </span>
    </p>

    <p class='ocr_par' dir='ltr' id='par_1_11' title="bbox 395 1447 1379 1512">
     <span class='ocr_line' id='line_1_14' title="bbox 395 1447 1379 1512; baseline 0 -12"><span class='ocrx_word' id='word_1_79' title='bbox 395 1452 611 1500; x_wconf 80' lang='grc' dir='ltr'>τοιαῦτα</span> <span class='ocrx_word' id='word_1_80' title='bbox 651 1449 971 1500; x_wconf 90' lang='grc' dir='ltr'>κωτίλλουςα</span> <span class='ocrx_word' id='word_1_81' title='bbox 1008 1450 1104 1512; x_wconf 87' lang='grc' dir='ltr'>τὴν</span> <span class='ocrx_word' id='word_1_82' title='bbox 1142 1447 1379 1511; x_wconf 88' lang='grc' dir='ltr'>ἀχαιίνην</span> 
     </span>
    </p>

    <p class='ocr_par' dir='ltr' id='par_1_12' title="bbox 394 1534 1554 1603">
     <span class='ocr_line' id='line_1_15' title="bbox 394 1534 1554 1603; baseline 0.001 -17"><span class='ocrx_word' id='word_1_83' title='bbox 394 1534 596 1587; x_wconf 79' lang='grc' dir='ltr'>ἕπειςεν</span> <span class='ocrx_word' id='word_1_84' title='bbox 636 1536 806 1586; x_wconf 81' lang='grc' dir='ltr'>ἐλθεῖν</span> <span class='ocrx_word' id='word_1_85' title='bbox 845 1535 921 1586; x_wconf 89' lang='grc' dir='ltr'>δὶς</span> <span class='ocrx_word' id='word_1_86' title='bbox 960 1535 1054 1586; x_wconf 88' lang='grc' dir='ltr'>τὸν</span> <span class='ocrx_word' id='word_1_87' title='bbox 1094 1535 1259 1586; x_wconf 88' lang='grc' dir='ltr'>αὐτὸν</span> <span class='ocrx_word' id='word_1_88' title='bbox 1298 1535 1368 1586; x_wconf 90' lang='grc' dir='ltr'>εἰς</span> <span class='ocrx_word' id='word_1_89' title='bbox 1406 1536 1554 1603; x_wconf 84' lang='grc' dir='ltr'>ᾅδην.</span> 
     </span>
    </p>

    <p class='ocr_par' dir='ltr' id='par_1_13' title="bbox 399 1620 1536 1684">
     <span class='ocr_line' id='line_1_16' title="bbox 399 1620 1536 1684; baseline 0.001 -12"><span class='ocrx_word' id='word_1_90' title='bbox 399 1620 509 1672; x_wconf 83' lang='grc' dir='ltr'>ἐπεὶ</span> <span class='ocrx_word' id='word_1_91' title='bbox 548 1621 607 1672; x_wconf 80' lang='grc' dir='ltr'>δὲ</span> <span class='ocrx_word' id='word_1_92' title='bbox 646 1621 839 1684; x_wconf 89' lang='grc' dir='ltr'>λόχμης</span> <span class='ocrx_word' id='word_1_93' title='bbox 879 1620 950 1671; x_wconf 85' lang='grc' dir='ltr'>εἰς</span> <span class='ocrx_word' id='word_1_94' title='bbox 988 1621 1155 1683; x_wconf 90' lang='grc' dir='ltr'>μυχὸν</span> <span class='ocrx_word' id='word_1_95' title='bbox 1193 1622 1536 1684; x_wconf 87' lang='grc' dir='ltr'>κατεκλείςθη,</span> 
     </span>
    </p>

    <p class='ocr_par' dir='ltr' id='par_1_14' title="bbox 391 1706 2098 1858">
     <span class='ocr_line' id='line_1_17' title="bbox 395 1706 2098 1771; baseline 0.001 -13"><span class='ocrx_word' id='word_1_96' title='bbox 395 1706 532 1758; x_wconf 90' lang='grc' dir='ltr'>λε’ων</span> <span class='ocrx_word' id='word_1_97' title='bbox 570 1709 664 1771; x_wconf 80' lang='grc' dir='ltr'>μὲν</span> <span class='ocrx_word' id='word_1_98' title='bbox 703 1707 863 1759; x_wconf 88' lang='grc' dir='ltr'>αὐτὸς</span> <span class='ocrx_word' id='word_1_99' title='bbox 902 1706 1008 1770; x_wconf 80' lang='grc' dir='ltr'>εἶχε</span> <span class='ocrx_word' id='word_1_100' title='bbox 1048 1709 1200 1758; x_wconf 89' lang='grc' dir='ltr'>δαῖτα</span> <span class='ocrx_word' id='word_1_101' title='bbox 1238 1708 1543 1770; x_wconf 93' lang='grc' dir='ltr'>πανθοίνην,</span> <span class='ocrx_word' id='word_1_102' title='bbox 2045 1722 2098 1760; x_wconf 83' lang='grc'>90</span> 
     </span>
     <span class='ocr_line' id='line_1_18' title="bbox 391 1791 1593 1858; baseline 0.001 -14"><span class='ocrx_word' id='word_1_103' title='bbox 391 1791 585 1854; x_wconf 80' lang='grc' dir='ltr'>ἔγκατα</span> <span class='ocrx_word' id='word_1_104' title='bbox 623 1795 918 1858; x_wconf 90' lang='grc' dir='ltr'>λαφύςςων,</span> <span class='ocrx_word' id='word_1_105' title='bbox 957 1794 1150 1857; x_wconf 91' lang='grc' dir='ltr'>μυελὸν</span> <span class='ocrx_word' id='word_1_106' title='bbox 1190 1791 1387 1845; x_wconf 82' lang='grc' dir='ltr'>ὀςτέων</span> <span class='ocrx_word' id='word_1_107' title='bbox 1424 1794 1593 1846; x_wconf 90' lang='grc' dir='ltr'>πίνων</span> 
     </span>
    </p>

    <p class='ocr_par' dir='ltr' id='par_1_15' title="bbox 396 1869 1720 1942">
     <span class='ocr_line' id='line_1_19' title="bbox 396 1869 1720 1942; baseline 0.001 -12"><span class='ocrx_word' id='word_1_108' title='bbox 396 1880 479 1930; x_wconf 88' lang='grc' dir='ltr'>καὶ</span> <span class='ocrx_word' id='word_1_109' title='bbox 518 1879 783 1942; x_wconf 83' lang='grc' dir='ltr'>ςπλάγχνα</span> <span class='ocrx_word' id='word_1_110' title='bbox 821 1879 1065 1931; x_wconf 67' lang='grc' dir='ltr'>δάπτων*</span> <span class='ocrx_word' id='word_1_111' title='bbox 1103 1878 1134 1941; x_wconf 85' lang='grc' dir='ltr'>ἡ</span> <span class='ocrx_word' id='word_1_112' title='bbox 1175 1869 1221 1930; x_wconf 73' lang='grc' dir='ltr'>δ’</span> <span class='ocrx_word' id='word_1_113' title='bbox 1262 1879 1471 1940; x_wconf 76' lang='grc' dir='ltr'>ἀγωγὸς</span> <span class='ocrx_word' id='word_1_114' title='bbox 1508 1879 1720 1942; x_wconf 79' lang='grc' dir='ltr'>εἱςτήκει</span> 
     </span>
    </p>

    <p class='ocr_par' dir='ltr' id='par_1_16' title="bbox 392 1964 1467 2028">
     <span class='ocr_line' id='line_1_20' title="bbox 392 1964 1467 2028; baseline -0.001 -12"><span class='ocrx_word' id='word_1_115' title='bbox 392 1967 621 2016; x_wconf 85' lang='grc' dir='ltr'>πεινῶςα</span> <span class='ocrx_word' id='word_1_116' title='bbox 660 1966 837 2028; x_wconf 92' lang='grc' dir='ltr'>θήρης,</span> <span class='ocrx_word' id='word_1_117' title='bbox 877 1965 1094 2028; x_wconf 81' lang='grc' dir='ltr'>καρδίην</span> <span class='ocrx_word' id='word_1_118' title='bbox 1134 1965 1193 2016; x_wconf 82' lang='grc' dir='ltr'>δὲ</span> <span class='ocrx_word' id='word_1_119' title='bbox 1231 1964 1467 2027; x_wconf 86' lang='grc' dir='ltr'>νεβρείην</span> 
     </span>
    </p>

    <p class='ocr_par' dir='ltr' id='par_1_17' title="bbox 393 2050 1485 2115">
     <span class='ocr_line' id='line_1_21' title="bbox 393 2050 1485 2115; baseline -0.001 -13"><span class='ocrx_word' id='word_1_120' title='bbox 393 2050 576 2103; x_wconf 91' lang='grc' dir='ltr'>λάπτει</span> <span class='ocrx_word' id='word_1_121' title='bbox 613 2054 870 2103; x_wconf 81' lang='grc' dir='ltr'>πεςοῦςαν</span> <span class='ocrx_word' id='word_1_122' title='bbox 910 2050 1181 2115; x_wconf 89' lang='grc' dir='ltr'>ἁρπάςαςα</span> <span class='ocrx_word' id='word_1_123' title='bbox 1219 2051 1485 2114; x_wconf 84' lang='grc' dir='ltr'>λαθραίως</span> 
     </span>
    </p>

    <p class='ocr_par' dir='ltr' id='par_1_18' title="bbox 395 2135 2100 2286">
     <span class='ocr_line' id='line_1_22' title="bbox 397 2135 2100 2200; baseline 0.001 -12"><span class='ocrx_word' id='word_1_124' title='bbox 397 2137 480 2188; x_wconf 87' lang='grc' dir='ltr'>καὶ</span> <span class='ocrx_word' id='word_1_125' title='bbox 518 2140 677 2188; x_wconf 84' lang='grc' dir='ltr'>τοῦτο</span> <span class='ocrx_word' id='word_1_126' title='bbox 718 2138 904 2200; x_wconf 92' lang='grc' dir='ltr'>κε’ρδος</span> <span class='ocrx_word' id='word_1_127' title='bbox 943 2136 1080 2200; x_wconf 76' lang='grc' dir='ltr'>εἶχεν</span> <span class='ocrx_word' id='word_1_128' title='bbox 1118 2135 1194 2188; x_wconf 82' lang='grc' dir='ltr'>ὧν</span> <span class='ocrx_word' id='word_1_129' title='bbox 1235 2137 1509 2200; x_wconf 79' lang='grc' dir='ltr'>ἐκεκμήκει.</span> <span class='ocrx_word' id='word_1_130' title='bbox 2045 2151 2100 2190; x_wconf 83' lang='grc'>95</span> 
     </span>
     <span class='ocr_line' id='line_1_23' title="bbox 395 2221 1471 2286; baseline 0.002 -14"><span class='ocrx_word' id='word_1_131' title='bbox 395 2222 534 2274; x_wconf 82' lang='grc' dir='ltr'>λε’ων</span> <span class='ocrx_word' id='word_1_132' title='bbox 572 2221 618 2274; x_wconf 77' lang='grc' dir='ltr'>δ’</span> <span class='ocrx_word' id='word_1_133' title='bbox 658 2223 875 2275; x_wconf 83' lang='grc' dir='ltr'>ἕκαςτον</span> <span class='ocrx_word' id='word_1_134' title='bbox 915 2223 1148 2284; x_wconf 86' lang='grc' dir='ltr'>ἐγκάτων</span> <span class='ocrx_word' id='word_1_135' title='bbox 1188 2221 1471 2286; x_wconf 89' lang='grc' dir='ltr'>ἀριθμήςας</span> 
     </span>
    </p>

    <p class='ocr_par' dir='ltr' id='par_1_19' title="bbox 396 2306 1437 2372">
     <span class='ocr_line' id='line_1_24' title="bbox 396 2306 1437 2372; baseline 0.001 -14"><span class='ocrx_word' id='word_1_136' title='bbox 396 2307 563 2371; x_wconf 93' lang='grc' dir='ltr'>μόνην</span> <span class='ocrx_word' id='word_1_137' title='bbox 603 2306 691 2359; x_wconf 80' lang='grc' dir='ltr'>ἀπ’</span> <span class='ocrx_word' id='word_1_138' title='bbox 732 2307 907 2360; x_wconf 87' lang='grc' dir='ltr'>ἄλλων</span> <span class='ocrx_word' id='word_1_139' title='bbox 945 2308 1162 2372; x_wconf 87' lang='grc' dir='ltr'>καρδίην</span> <span class='ocrx_word' id='word_1_140' title='bbox 1202 2308 1437 2371; x_wconf 82' lang='grc' dir='ltr'>ἐπεζήτει</span> 
     </span>
    </p>

    <p class='ocr_par' dir='ltr' id='par_1_20' title="bbox 398 2391 1630 2457">
     <span class='ocr_line' id='line_1_25' title="bbox 398 2391 1630 2457; baseline 0.001 -13"><span class='ocrx_word' id='word_1_141' title='bbox 398 2393 481 2444; x_wconf 92' lang='grc' dir='ltr'>καὶ</span> <span class='ocrx_word' id='word_1_142' title='bbox 519 2396 687 2444; x_wconf 86' lang='grc' dir='ltr'>πᾶςαν</span> <span class='ocrx_word' id='word_1_143' title='bbox 726 2394 898 2457; x_wconf 84' lang='grc' dir='ltr'>εύνήν,</span> <span class='ocrx_word' id='word_1_144' title='bbox 938 2393 1111 2445; x_wconf 87' lang='grc' dir='ltr'>πάντα</span> <span class='ocrx_word' id='word_1_145' title='bbox 1149 2393 1195 2445; x_wconf 78' lang='grc' dir='ltr'>δ’</span> <span class='ocrx_word' id='word_1_146' title='bbox 1235 2391 1383 2445; x_wconf 82' lang='grc' dir='ltr'>οἶκον</span> <span class='ocrx_word' id='word_1_147' title='bbox 1421 2394 1630 2457; x_wconf 84' lang='grc' dir='ltr'>ἠρεύνα.</span> 
     </span>
    </p>

    <p class='ocr_par' dir='ltr' id='par_1_21' title="bbox 398 2478 1407 2548">
     <span class='ocr_line' id='line_1_26' title="bbox 398 2478 1407 2548; baseline 0.001 -18"><span class='ocrx_word' id='word_1_148' title='bbox 398 2480 568 2543; x_wconf 83' lang='grc' dir='ltr'>κερδὼ</span> <span class='ocrx_word' id='word_1_149' title='bbox 609 2479 655 2531; x_wconf 82' lang='grc' dir='ltr'>δ’</span> <span class='ocrx_word' id='word_1_150' title='bbox 694 2478 998 2532; x_wconf 84' lang='grc' dir='ltr'>ἀπαιολῶςα</span> <span class='ocrx_word' id='word_1_151' title='bbox 1036 2483 1127 2543; x_wconf 87' lang='grc' dir='ltr'>τῆς</span> <span class='ocrx_word' id='word_1_152' title='bbox 1166 2479 1407 2548; x_wconf 81' lang='grc' dir='ltr'>ἀληθείης</span> 
     </span>
    </p>

    <p class='ocr_par' dir='ltr' id='par_1_22' title="bbox 398 2562 2101 2715">
     <span class='ocr_line' id='line_1_27' title="bbox 399 2562 2101 2630; baseline 0 -15"><span class='ocrx_word' id='word_1_153' title='bbox 399 2562 514 2615; x_wconf 68' lang='grc' dir='ltr'>εοὐκ</span> <span class='ocrx_word' id='word_1_154' title='bbox 553 2563 659 2628; x_wconf 81' lang='grc' dir='ltr'>εἶχε</span> <span class='ocrx_word' id='word_1_155' title='bbox 698 2564 926 2616; x_wconf 84' lang='grc' dir='ltr'>πάντως’</span> <span class='ocrx_word' id='word_1_156' title='bbox 966 2566 1112 2630; x_wconf 90' lang='grc' dir='ltr'>φηςί·</span> <span class='ocrx_word' id='word_1_157' title='bbox 1154 2564 1235 2629; x_wconf 62' lang='grc' dir='ltr'>(μὴ</span> <span class='ocrx_word' id='word_1_158' title='bbox 1274 2565 1440 2629; x_wconf 88' lang='grc' dir='ltr'>μάτην</span> <span class='ocrx_word' id='word_1_159' title='bbox 1480 2566 1634 2629; x_wconf 81' lang='grc' dir='ltr'>ζήτει.</span> <span class='ocrx_word' id='word_1_160' title='bbox 2022 2577 2101 2615; x_wconf 84' lang='grc'>100</span> 
     </span>
     <span class='ocr_line' id='line_1_28' title="bbox 398 2649 1434 2715; baseline 0.001 -14"><span class='ocrx_word' id='word_1_161' title='bbox 398 2650 555 2713; x_wconf 88' lang='grc' dir='ltr'>ποίην</span> <span class='ocrx_word' id='word_1_162' title='bbox 593 2649 638 2702; x_wconf 81' lang='grc' dir='ltr'>δ’</span> <span class='ocrx_word' id='word_1_163' title='bbox 677 2650 858 2715; x_wconf 82' lang='grc' dir='ltr'>ἔμελλε</span> <span class='ocrx_word' id='word_1_164' title='bbox 897 2651 1114 2715; x_wconf 91' lang='grc' dir='ltr'>καρδίην</span> <span class='ocrx_word' id='word_1_165' title='bbox 1151 2651 1288 2715; x_wconf 78' lang='grc' dir='ltr'>ἔχειν</span> <span class='ocrx_word' id='word_1_166' title='bbox 1326 2651 1434 2715; x_wconf 86' lang='grc' dir='ltr'>ἥτις</span> 
     </span>
    </p>

    <p class='ocr_par' dir='ltr' id='par_1_23' title="bbox 400 2731 1568 2800">
     <span class='ocr_line' id='line_1_29' title="bbox 400 2731 1568 2800; baseline 0.001 -13"><span class='ocrx_word' id='word_1_167' title='bbox 400 2735 458 2788; x_wconf 88' lang='grc' dir='ltr'>ἐκ</span> <span class='ocrx_word' id='word_1_168' title='bbox 496 2737 747 2800; x_wconf 86' lang='grc' dir='ltr'>δευτέρου</span> <span class='ocrx_word' id='word_1_169' title='bbox 789 2738 1002 2789; x_wconf 90' lang='grc' dir='ltr'>λεόντος</span> <span class='ocrx_word' id='word_1_170' title='bbox 1039 2736 1198 2800; x_wconf 82' lang='grc' dir='ltr'>ἦλθεν</span> <span class='ocrx_word' id='word_1_171' title='bbox 1237 2737 1308 2788; x_wconf 90' lang='grc' dir='ltr'>εἰς</span> <span class='ocrx_word' id='word_1_172' title='bbox 1347 2731 1568 2799; x_wconf 78' lang='grc' dir='ltr'>οἴκους;’</span> 
     </span>
    </p>
   </div>
   <div class='ocr_carea' id='block_1_3' title="bbox 59 2849 2102 3002">
    <p class='ocr_par' dir='ltr' id='par_1_24' title="bbox 59 2849 2102 3002">
     <span class='ocr_line' id='line_1_30' title="bbox 229 2849 2102 2916; baseline 0.001 -16"><span class='ocrx_word' id='word_1_173' title='bbox 229 2849 345 2901; x_wconf 90' lang='grc' dir='ltr'>Ὅτι</span> <span class='ocrx_word' id='word_1_174' title='bbox 383 2850 507 2901; x_wconf 87' lang='grc' dir='ltr'>τοὺς</span> <span class='ocrx_word' id='word_1_175' title='bbox 544 2854 654 2902; x_wconf 91' lang='grc' dir='ltr'>τοῖς</span> <span class='ocrx_word' id='word_1_176' title='bbox 702 2854 1019 2916; x_wconf 83' lang='grc' dir='ltr'>προλαβοῦςι</span> <span class='ocrx_word' id='word_1_177' title='bbox 1065 2854 1243 2903; x_wconf 87' lang='grc' dir='ltr'>κακοῖς</span> <span class='ocrx_word' id='word_1_178' title='bbox 1281 2852 1346 2915; x_wconf 82' lang='grc' dir='ltr'>μὴ</span> <span class='ocrx_word' id='word_1_179' title='bbox 1388 2853 1839 2916; x_wconf 85' lang='grc' dir='ltr'>ςωφρονιςθέντας</span> <span class='ocrx_word' id='word_1_180' title='bbox 1887 2851 2102 2903; x_wconf 88' lang='grc' dir='ltr'>εἰκότως</span> 
     </span>
     <span class='ocr_line' id='line_1_31' title="bbox 59 2932 1876 3002; baseline 0.002 -16"><span class='ocrx_word' id='word_1_181' title='bbox 59 2932 271 2999; x_wconf 83' lang='grc' dir='ltr'>ἄφυκτα</span> <span class='ocrx_word' id='word_1_182' title='bbox 308 2935 439 2987; x_wconf 87' lang='grc' dir='ltr'>κακὰ</span> <span class='ocrx_word' id='word_1_183' title='bbox 480 2937 799 2999; x_wconf 82' lang='grc' dir='ltr'>διαδέχεται’</span> <span class='ocrx_word' id='word_1_184' title='bbox 841 2937 896 2989; x_wconf 86' lang='grc' dir='ltr'>ἐν</span> <span class='ocrx_word' id='word_1_185' title='bbox 935 2937 978 3002; x_wconf 81' lang='grc' dir='ltr'>ᾧ</span> <span class='ocrx_word' id='word_1_186' title='bbox 1019 2938 1102 2989; x_wconf 89' lang='grc' dir='ltr'>καὶ</span> <span class='ocrx_word' id='word_1_187' title='bbox 1140 2937 1350 3001; x_wconf 80' lang='grc' dir='ltr'>ἐλεγχος</span> <span class='ocrx_word' id='word_1_188' title='bbox 1390 2939 1519 2990; x_wconf 87' lang='grc' dir='ltr'>κατὰ</span> <span class='ocrx_word' id='word_1_189' title='bbox 1559 2938 1876 3002; x_wconf 80' lang='grc' dir='ltr'>φιλοδόξων.</span> 
     </span>
    </p>
   </div>
   <div class='ocr_carea' id='block_1_4' title="bbox 0 3148 2105 3831">
    <p class='ocr_par' dir='ltr' id='par_1_25' title="bbox 234 3148 2105 3204">
     <span class='ocr_line' id='line_1_32' title="bbox 234 3148 2105 3204; baseline 0.003 -16"><span class='ocrx_word' id='word_1_190' title='bbox 234 3149 299 3196; x_wconf 84' lang='grc'>75,</span> <span class='ocrx_word' id='word_1_191' title='bbox 333 3149 399 3200; x_wconf 92' lang='grc'>77,</span> <span class='ocrx_word' id='word_1_192' title='bbox 432 3150 486 3190; x_wconf 84' lang='grc'>80</span> <span class='ocrx_word' id='word_1_193' title='bbox 515 3150 708 3203; x_wconf 82' lang='lat' dir='ltr'>neglexit</span> <span class='ocrx_word' id='word_1_194' title='bbox 739 3151 771 3194; x_wconf 87' lang='grc' dir='ltr'>Β</span> <span class='ocrx_word' id='word_1_195' title='bbox 873 3152 924 3190; x_wconf 91' lang='grc'>76</span> <span class='ocrx_word' id='word_1_196' title='bbox 956 3151 1120 3191; x_wconf 89' lang='grc' dir='ltr'>πλεῖον</span> <span class='ocrx_word' id='word_1_197' title='bbox 1155 3149 1207 3204; x_wconf 92' lang='grc' dir='ltr'>Β]</span> <span class='ocrx_word' id='word_1_198' title='bbox 1239 3150 1381 3192; x_wconf 89' lang='grc' dir='ltr'>πλέον</span> <span class='ocrx_word' id='word_1_199' title='bbox 1413 3151 1446 3194; x_wconf 89' lang='grc' dir='ltr'>Α</span> <span class='ocrx_word' id='word_1_200' title='bbox 1545 3153 1596 3191; x_wconf 90' lang='grc'>77</span> <span class='ocrx_word' id='word_1_201' title='bbox 1628 3149 1732 3202; x_wconf 85' lang='grc' dir='ltr'>λίην</span> <span class='ocrx_word' id='word_1_202' title='bbox 1765 3149 1818 3203; x_wconf 89' lang='grc' dir='ltr'>Α]</span> <span class='ocrx_word' id='word_1_203' title='bbox 1851 3148 1957 3192; x_wconf 84' lang='grc' dir='ltr'>λίαν</span> <span class='ocrx_word' id='word_1_204' title='bbox 1987 3163 2048 3203; x_wconf 83' lang='lat' dir='ltr'>pr.</span> <span class='ocrx_word' id='word_1_205' title='bbox 2070 3148 2105 3193; x_wconf 92' lang='grc' dir='ltr'>Α</span> 
     </span>
    </p>

    <p class='ocr_par' dir='ltr' id='par_1_26' title="bbox 0 3204 2105 3831">
     <span class='ocr_line' id='line_1_33' title="bbox 54 3204 2105 3261; baseline 0.003 -17"><span class='ocrx_word' id='word_1_206' title='bbox 54 3204 119 3245; x_wconf 75' lang='grc'>78</span> <span class='ocrx_word' id='word_1_207' title='bbox 150 3205 307 3258; x_wconf 88' lang='grc' dir='ltr'>βαςιλῆ</span> <span class='ocrx_word' id='word_1_208' title='bbox 340 3205 370 3250; x_wconf 80' lang='lat' dir='ltr'><strong>L</strong></span> <span class='ocrx_word' id='word_1_209' title='bbox 401 3205 500 3261; x_wconf 86' lang='lat' dir='ltr'><strong>Fix]</strong></span> <span class='ocrx_word' id='word_1_210' title='bbox 534 3205 719 3258; x_wconf 81' lang='grc' dir='ltr'>βαςιλέα</span> <span class='ocrx_word' id='word_1_211' title='bbox 741 3205 776 3250; x_wconf 89' lang='grc' dir='ltr'>Α</span> <span class='ocrx_word' id='word_1_212' title='bbox 876 3208 928 3248; x_wconf 89' lang='grc'>79</span> <span class='ocrx_word' id='word_1_213' title='bbox 960 3206 1083 3258; x_wconf 81' lang='grc' dir='ltr'>οἴμοι</span> <span class='ocrx_word' id='word_1_214' title='bbox 1115 3207 1329 3260; x_wconf 90' lang='grc' dir='ltr'>πονηρὸν</span> <span class='ocrx_word' id='word_1_215' title='bbox 1362 3207 1594 3261; x_wconf 89' lang='grc' dir='ltr'>δεςπότην</span> <span class='ocrx_word' id='word_1_216' title='bbox 1628 3205 1706 3251; x_wconf 85' lang='grc' dir='ltr'>Β“</span> <span class='ocrx_word' id='word_1_217' title='bbox 1769 3210 1822 3248; x_wconf 91' lang='grc'>81</span> <span class='ocrx_word' id='word_1_218' title='bbox 1855 3204 2048 3259; x_wconf 81' lang='grc' dir='ltr'>γενναία</span> <span class='ocrx_word' id='word_1_219' title='bbox 2071 3205 2105 3250; x_wconf 93' lang='grc' dir='ltr'>Α</span> 
     </span>
     <span class='ocr_line' id='line_1_34' title="bbox 58 3260 2103 3318; baseline 0.001 -16"><span class='ocrx_word' id='word_1_220' title='bbox 58 3260 119 3302; x_wconf 79' lang='lat'>84</span> <span class='ocrx_word' id='word_1_221' title='bbox 158 3260 308 3315; x_wconf 88' lang='grc' dir='ltr'>μόνην</span> <span class='ocrx_word' id='word_1_222' title='bbox 337 3263 481 3305; x_wconf 86' lang='lat' dir='ltr'><strong>Boiss.</strong></span> <span class='ocrx_word' id='word_1_223' title='bbox 516 3266 578 3315; x_wconf 90' lang='lat' dir='ltr'>(in</span> <span class='ocrx_word' id='word_1_224' title='bbox 609 3264 756 3305; x_wconf 79' lang='lat' dir='ltr'><strong>adnot.</strong></span> <span class='ocrx_word' id='word_1_225' title='bbox 789 3262 918 3317; x_wconf 61' lang='grc' dir='ltr'>πίω]</span> <span class='ocrx_word' id='word_1_226' title='bbox 960 3264 1077 3318; x_wconf 85' lang='grc' dir='ltr'>μόνῃ</span> <span class='ocrx_word' id='word_1_227' title='bbox 1111 3264 1195 3309; x_wconf 89' lang='grc' dir='ltr'>ΑΒ</span> <span class='ocrx_word' id='word_1_228' title='bbox 1220 3265 1246 3308; x_wconf 76' lang='lat' dir='ltr'>F</span> <span class='ocrx_word' id='word_1_229' title='bbox 1287 3263 1406 3318; x_wconf 87' lang='grc' dir='ltr'>μόνῃ</span> <span class='ocrx_word' id='word_1_230' title='bbox 1439 3266 1575 3306; x_wconf 86' lang='lat' dir='ltr'>Furia</span> <span class='ocrx_word' id='word_1_231' title='bbox 1604 3267 1649 3305; x_wconf 90' lang='lat' dir='ltr'>in</span> <span class='ocrx_word' id='word_1_232' title='bbox 1680 3268 1901 3318; x_wconf 82' lang='lat' dir='ltr'><strong>interpret.</strong></span> <span class='ocrx_word' id='word_1_233' title='bbox 1932 3264 2103 3314; x_wconf 80' lang='lat' dir='ltr'>Latina,</span> 
     </span>
     <span class='ocr_line' id='line_1_35' title="bbox 55 3317 2105 3375; baseline -0.001 -12"><span class='ocrx_word' id='word_1_234' title='bbox 55 3317 203 3363; x_wconf 64' lang='grc' dir='ltr'>Βοῖος.</span> <span class='ocrx_word' id='word_1_235' title='bbox 294 3321 348 3360; x_wconf 83' lang='grc'>85</span> <span class='ocrx_word' id='word_1_236' title='bbox 379 3319 405 3362; x_wconf 86' lang='grc' dir='ltr'>ὁ</span> <span class='ocrx_word' id='word_1_237' title='bbox 426 3319 566 3371; x_wconf 88' lang='grc' dir='ltr'>λόγος</span> <span class='ocrx_word' id='word_1_238' title='bbox 588 3318 639 3374; x_wconf 73' lang='lat' dir='ltr'>G]</span> <span class='ocrx_word' id='word_1_239' title='bbox 673 3320 698 3363; x_wconf 92' lang='grc' dir='ltr'>ὁ</span> <span class='ocrx_word' id='word_1_240' title='bbox 720 3319 845 3363; x_wconf 87' lang='grc' dir='ltr'>λέων</span> <span class='ocrx_word' id='word_1_241' title='bbox 865 3320 900 3365; x_wconf 89' lang='grc' dir='ltr'>Α</span> <span class='ocrx_word' id='word_1_242' title='bbox 931 3320 1056 3363; x_wconf 85' lang='grc' dir='ltr'>οἶδεν</span> <span class='ocrx_word' id='word_1_243' title='bbox 1078 3323 1331 3362; x_wconf 84' lang='lat' dir='ltr'>Lachmann</span> <span class='ocrx_word' id='word_1_244' title='bbox 1363 3321 1504 3364; x_wconf 81' lang='grc' dir='ltr'>οὐδὲν</span> <span class='ocrx_word' id='word_1_245' title='bbox 1536 3323 1561 3364; x_wconf 89' lang='grc' dir='ltr'>ὁ</span> <span class='ocrx_word' id='word_1_246' title='bbox 1592 3322 1718 3364; x_wconf 88' lang='grc' dir='ltr'>λέων</span> <span class='ocrx_word' id='word_1_247' title='bbox 1749 3320 1916 3375; x_wconf 87' lang='grc' dir='ltr'>ἐχθρός</span> <span class='ocrx_word' id='word_1_248' title='bbox 1937 3321 2105 3361; x_wconf 84' lang='lat' dir='ltr'>Seidler</span> 
     </span>
     <span class='ocr_line' id='line_1_36' title="bbox 54 3373 2102 3432; baseline 0.002 -16"><span class='ocrx_word' id='word_1_249' title='bbox 54 3373 209 3427; x_wconf 79' lang='grc' dir='ltr'>,μηδὲν</span> <span class='ocrx_word' id='word_1_250' title='bbox 239 3374 384 3420; x_wconf 85' lang='grc' dir='ltr'>κακὸν</span> <span class='ocrx_word' id='word_1_251' title='bbox 414 3379 584 3420; x_wconf 84' lang='grc' dir='ltr'>παθεῖν</span> <span class='ocrx_word' id='word_1_252' title='bbox 605 3377 732 3432; x_wconf 86' lang='grc' dir='ltr'>παρὰ</span> <span class='ocrx_word' id='word_1_253' title='bbox 753 3380 839 3420; x_wconf 87' lang='grc' dir='ltr'>τοῦ</span> <span class='ocrx_word' id='word_1_254' title='bbox 862 3377 1056 3420; x_wconf 82' lang='grc' dir='ltr'>λέοντος</span> <span class='ocrx_word' id='word_1_255' title='bbox 1079 3381 1110 3422; x_wconf 88' lang='grc' dir='ltr'>Β</span> <span class='ocrx_word' id='word_1_256' title='bbox 1205 3380 1259 3419; x_wconf 89' lang='grc'>86</span> <span class='ocrx_word' id='word_1_257' title='bbox 1281 3392 1370 3420; x_wconf 91' lang='lat' dir='ltr'>non</span> <span class='ocrx_word' id='word_1_258' title='bbox 1393 3393 1641 3432; x_wconf 82' lang='lat' dir='ltr'><strong>expressum</strong></span> <span class='ocrx_word' id='word_1_259' title='bbox 1663 3382 1708 3419; x_wconf 89' lang='lat' dir='ltr'>in</span> <span class='ocrx_word' id='word_1_260' title='bbox 1731 3380 1762 3421; x_wconf 90' lang='grc' dir='ltr'>Β</span> <span class='ocrx_word' id='word_1_261' title='bbox 1779 3379 1806 3422; x_wconf 75' lang='lat' dir='ltr'>f</span> <span class='ocrx_word' id='word_1_262' title='bbox 1883 3375 2048 3431; x_wconf 86' lang='grc' dir='ltr'>κυρίαν</span> <span class='ocrx_word' id='word_1_263' title='bbox 2070 3378 2102 3421; x_wconf 92' lang='grc' dir='ltr'>Α</span> 
     </span>
     <span class='ocr_line' id='line_1_37' title="bbox 47 3430 2103 3489; baseline 0.001 -15"><span class='ocrx_word' id='word_1_264' title='bbox 47 3430 118 3489; x_wconf 28' lang='grc'>,87</span> <span class='ocrx_word' id='word_1_265' title='bbox 148 3433 440 3477; x_wconf 85' lang='grc' dir='ltr'>κωτίλλουςα</span> <span class='ocrx_word' id='word_1_266' title='bbox 472 3433 524 3488; x_wconf 85' lang='lat' dir='ltr'>S]</span> <span class='ocrx_word' id='word_1_267' title='bbox 558 3433 831 3478; x_wconf 88' lang='grc' dir='ltr'>κοτίλλουςα</span> <span class='ocrx_word' id='word_1_268' title='bbox 863 3435 896 3477; x_wconf 91' lang='grc' dir='ltr'>Α</span> <span class='ocrx_word' id='word_1_269' title='bbox 1006 3436 1060 3475; x_wconf 89' lang='grc'>90</span> <span class='ocrx_word' id='word_1_270' title='bbox 1090 3434 1353 3488; x_wconf 90' lang='grc' dir='ltr'>πανθοίνην</span> <span class='ocrx_word' id='word_1_271' title='bbox 1387 3435 1437 3489; x_wconf 83' lang='grc'>8]</span> <span class='ocrx_word' id='word_1_272' title='bbox 1471 3434 1705 3488; x_wconf 83' lang='grc' dir='ltr'>παντοίην</span> <span class='ocrx_word' id='word_1_273' title='bbox 1738 3434 1772 3478; x_wconf 90' lang='grc' dir='ltr'>Α</span> <span class='ocrx_word' id='word_1_274' title='bbox 1803 3435 1828 3478; x_wconf 92' lang='grc' dir='ltr'>ὁ</span> <span class='ocrx_word' id='word_1_275' title='bbox 1863 3434 1946 3487; x_wconf 82' lang='grc' dir='ltr'>μὲν</span> <span class='ocrx_word' id='word_1_276' title='bbox 1977 3434 2103 3476; x_wconf 87' lang='grc' dir='ltr'>λέων</span> 
     </span>
     <span class='ocr_line' id='line_1_38' title="bbox 64 3484 2104 3544; baseline 0.002 -12"><span class='ocrx_word' id='word_1_277' title='bbox 64 3484 259 3533; x_wconf 79' lang='grc' dir='ltr'>δεῖπνον</span> <span class='ocrx_word' id='word_1_278' title='bbox 291 3491 383 3544; x_wconf 83' lang='grc' dir='ltr'>εἶχε</span> <span class='ocrx_word' id='word_1_279' title='bbox 414 3491 603 3534; x_wconf 87' lang='grc' dir='ltr'>πάντα</span> <span class='ocrx_word' id='word_1_280' title='bbox 634 3490 693 3534; x_wconf 88' lang='grc' dir='ltr'>τὰ</span> <span class='ocrx_word' id='word_1_281' title='bbox 714 3492 828 3535; x_wconf 88' lang='grc' dir='ltr'>ὀςτᾶ</span> <span class='ocrx_word' id='word_1_282' title='bbox 859 3492 936 3533; x_wconf 87' lang='grc' dir='ltr'>καὶ</span> <span class='ocrx_word' id='word_1_283' title='bbox 961 3493 1157 3543; x_wconf 88' lang='grc' dir='ltr'>μυελοὺς</span> <span class='ocrx_word' id='word_1_284' title='bbox 1178 3495 1254 3535; x_wconf 84' lang='grc' dir='ltr'>καὶ</span> <span class='ocrx_word' id='word_1_285' title='bbox 1276 3492 1452 3544; x_wconf 83' lang='grc' dir='ltr'>ἔγκατα</span> <span class='ocrx_word' id='word_1_286' title='bbox 1476 3492 1750 3536; x_wconf 86' lang='grc' dir='ltr'>καταπίνων</span> <span class='ocrx_word' id='word_1_287' title='bbox 1778 3493 1809 3536; x_wconf 88' lang='grc' dir='ltr'>Β</span> <span class='ocrx_word' id='word_1_288' title='bbox 1830 3492 1858 3536; x_wconf 74' lang='lat' dir='ltr'>F</span> <span class='ocrx_word' id='word_1_289' title='bbox 1947 3493 2000 3532; x_wconf 89' lang='grc'>91</span> <span class='ocrx_word' id='word_1_290' title='bbox 2034 3491 2104 3542; x_wconf 78' lang='grc' dir='ltr'>ἔγ-</span> 
     </span>
     <span class='ocr_line' id='line_1_39' title="bbox 0 3546 2102 3604; baseline 0.003 -18"><span class='ocrx_word' id='word_1_291' title='bbox 0 3556 6 3571; x_wconf 71' lang='lat'><em>³</em></span> <span class='ocrx_word' id='word_1_292' title='bbox 62 3554 187 3589; x_wconf 76' lang='grc' dir='ltr'>κατα</span> <span class='ocrx_word' id='word_1_293' title='bbox 215 3546 366 3602; x_wconf 78' lang='lat' dir='ltr'>SBF]</span> <span class='ocrx_word' id='word_1_294' title='bbox 399 3548 571 3602; x_wconf 89' lang='grc' dir='ltr'>ςάρκας</span> <span class='ocrx_word' id='word_1_295' title='bbox 603 3548 635 3592; x_wconf 88' lang='grc' dir='ltr'>Α</span> <span class='ocrx_word' id='word_1_296' title='bbox 752 3551 805 3590; x_wconf 78' lang='grc'>92</span> <span class='ocrx_word' id='word_1_297' title='bbox 839 3547 1035 3591; x_wconf 89' lang='grc' dir='ltr'>δάπτων</span> <span class='ocrx_word' id='word_1_298' title='bbox 1066 3549 1116 3603; x_wconf 85' lang='grc'>8]</span> <span class='ocrx_word' id='word_1_299' title='bbox 1151 3550 1347 3592; x_wconf 88' lang='grc' dir='ltr'>λάπτων</span> <span class='ocrx_word' id='word_1_300' title='bbox 1379 3550 1414 3594; x_wconf 93' lang='grc' dir='ltr'>Α</span> <span class='ocrx_word' id='word_1_301' title='bbox 1531 3553 1584 3591; x_wconf 88' lang='grc'>93</span> <span class='ocrx_word' id='word_1_302' title='bbox 1617 3549 1767 3604; x_wconf 89' lang='grc' dir='ltr'>θήρης</span> <span class='ocrx_word' id='word_1_303' title='bbox 1799 3547 1848 3604; x_wconf 89' lang='grc' dir='ltr'>Α]</span> <span class='ocrx_word' id='word_1_304' title='bbox 1886 3548 2038 3603; x_wconf 85' lang='grc' dir='ltr'>κερδὼ</span> <span class='ocrx_word' id='word_1_305' title='bbox 2072 3547 2102 3592; x_wconf 86' lang='grc'>8</span> 
     </span>
     <span class='ocr_line' id='line_1_40' title="bbox 53 3599 2105 3659; baseline 0.003 -20"><span class='ocrx_word' id='word_1_306' title='bbox 53 3599 120 3642; x_wconf 76' lang='grc'>,97</span> <span class='ocrx_word' id='word_1_307' title='bbox 151 3602 227 3647; x_wconf 87' lang='grc' dir='ltr'>ἀπ’</span> <span class='ocrx_word' id='word_1_308' title='bbox 259 3605 416 3648; x_wconf 86' lang='grc' dir='ltr'>ἄλλων</span> <span class='ocrx_word' id='word_1_309' title='bbox 447 3604 499 3659; x_wconf 91' lang='grc' dir='ltr'>Α]</span> <span class='ocrx_word' id='word_1_310' title='bbox 533 3604 761 3648; x_wconf 85' lang='grc' dir='ltr'>ἁπάντων</span> <span class='ocrx_word' id='word_1_311' title='bbox 793 3606 1020 3647; x_wconf 85' lang='lat' dir='ltr'><strong>Eberhard</strong></span> <span class='ocrx_word' id='word_1_312' title='bbox 1128 3609 1182 3648; x_wconf 85' lang='lat'>98</span> <span class='ocrx_word' id='word_1_313' title='bbox 1214 3607 1252 3648; x_wconf 88' lang='grc' dir='ltr'>δ’</span> <span class='ocrx_word' id='word_1_314' title='bbox 1283 3605 1335 3659; x_wconf 94' lang='grc' dir='ltr'>Α]</span> <span class='ocrx_word' id='word_1_315' title='bbox 1370 3609 1410 3649; x_wconf 87' lang='grc' dir='ltr'>τ’</span> <span class='ocrx_word' id='word_1_316' title='bbox 1442 3609 1650 3648; x_wconf 77' lang='lat' dir='ltr'>Duebner</span> <span class='ocrx_word' id='word_1_317' title='bbox 1757 3608 1954 3648; x_wconf 85' lang='lat'>99-100</span> <span class='ocrx_word' id='word_1_318' title='bbox 1986 3604 2105 3646; x_wconf 85' lang='grc' dir='ltr'>ἀλώ-</span> 
     </span>
     <span class='ocr_line' id='line_1_41' title="bbox 52 3660 2104 3718; baseline -0 -15"><span class='ocrx_word' id='word_1_319' title='bbox 52 3660 156 3710; x_wconf 82' lang='grc' dir='ltr'>-πηξ</span> <span class='ocrx_word' id='word_1_320' title='bbox 187 3661 237 3704; x_wconf 86' lang='grc' dir='ltr'>δὲ</span> <span class='ocrx_word' id='word_1_321' title='bbox 271 3660 472 3715; x_wconf 89' lang='grc' dir='ltr'>μήκοθεν</span> <span class='ocrx_word' id='word_1_322' title='bbox 505 3663 719 3706; x_wconf 88' lang='grc' dir='ltr'>ςταθεῑςα</span> <span class='ocrx_word' id='word_1_323' title='bbox 753 3664 910 3713; x_wconf 86' lang='grc' dir='ltr'>(ςτᾶςα</span> <span class='ocrx_word' id='word_1_324' title='bbox 934 3663 978 3713; x_wconf 74' lang='lat' dir='ltr'>F)</span> <span class='ocrx_word' id='word_1_325' title='bbox 1010 3663 1126 3716; x_wconf 79' lang='grc' dir='ltr'>ἔφη·</span> <span class='ocrx_word' id='word_1_326' title='bbox 1156 3663 1291 3716; x_wconf 76' lang='grc' dir='ltr'>“αὕτη</span> <span class='ocrx_word' id='word_1_327' title='bbox 1326 3664 1464 3716; x_wconf 77' lang='grc' dir='ltr'>(αὐτὴ</span> <span class='ocrx_word' id='word_1_328' title='bbox 1491 3665 1542 3716; x_wconf 91' lang='grc' dir='ltr'>Β)</span> <span class='ocrx_word' id='word_1_329' title='bbox 1574 3663 1762 3716; x_wconf 81' lang='grc' dir='ltr'>ἀληθῶς</span> <span class='ocrx_word' id='word_1_330' title='bbox 1792 3660 1988 3718; x_wconf 86' lang='grc' dir='ltr'>καρδίαν</span> <span class='ocrx_word' id='word_1_331' title='bbox 2020 3661 2104 3702; x_wconf 84' lang='grc' dir='ltr'>οὐκ</span> 
     </span>
     <span class='ocr_line' id='line_1_42' title="bbox 65 3712 2104 3775; baseline 0 -16"><span class='ocrx_word' id='word_1_332' title='bbox 65 3712 211 3768; x_wconf 80' lang='grc' dir='ltr'>εἶχεν·</span> <span class='ocrx_word' id='word_1_333' title='bbox 253 3718 312 3771; x_wconf 89' lang='grc' dir='ltr'>μὴ</span> <span class='ocrx_word' id='word_1_334' title='bbox 347 3718 414 3760; x_wconf 88' lang='grc' dir='ltr'>ἔτι</span> <span class='ocrx_word' id='word_1_335' title='bbox 445 3719 584 3771; x_wconf 85' lang='grc' dir='ltr'>Ζήτει’</span> <span class='ocrx_word' id='word_1_336' title='bbox 618 3718 649 3762; x_wconf 92' lang='grc' dir='ltr'>Β</span> <span class='ocrx_word' id='word_1_337' title='bbox 669 3719 696 3763; x_wconf 93' lang='grc' dir='ltr'>Ι-“</span> <span class='ocrx_word' id='word_1_338' title='bbox 824 3722 952 3773; x_wconf 88' lang='lat' dir='ltr'><strong>epim.</strong></span> <span class='ocrx_word' id='word_1_339' title='bbox 985 3720 1058 3762; x_wconf 89' lang='grc' dir='ltr'>ὅτι</span> <span class='ocrx_word' id='word_1_340' title='bbox 1090 3721 1115 3763; x_wconf 89' lang='grc' dir='ltr'>ὁ</span> <span class='ocrx_word' id='word_1_341' title='bbox 1146 3723 1232 3774; x_wconf 89' lang='grc' dir='ltr'>τῆς</span> <span class='ocrx_word' id='word_1_342' title='bbox 1265 3719 1530 3772; x_wconf 83' lang='grc' dir='ltr'>φιλοδοξίας</span> <span class='ocrx_word' id='word_1_343' title='bbox 1562 3721 1683 3775; x_wconf 82' lang='grc' dir='ltr'>ἔρως</span> <span class='ocrx_word' id='word_1_344' title='bbox 1714 3720 1801 3763; x_wconf 91' lang='grc' dir='ltr'>τὸν</span> <span class='ocrx_word' id='word_1_345' title='bbox 1832 3718 2104 3774; x_wconf 81' lang='grc' dir='ltr'>ἀνθρώπων</span> 
     </span>
     <span class='ocr_line' id='line_1_43' title="bbox 65 3774 2105 3831; baseline 0.002 -18"><span class='ocrx_word' id='word_1_346' title='bbox 65 3775 181 3816; x_wconf 79' lang='grc' dir='ltr'>νοῦν</span> <span class='ocrx_word' id='word_1_347' title='bbox 220 3774 426 3818; x_wconf 83' lang='grc' dir='ltr'>ἑπιθολοῑ</span> <span class='ocrx_word' id='word_1_348' title='bbox 466 3777 542 3819; x_wconf 84' lang='grc' dir='ltr'>καὶ</span> <span class='ocrx_word' id='word_1_349' title='bbox 577 3774 661 3818; x_wconf 89' lang='grc' dir='ltr'>τὰς</span> <span class='ocrx_word' id='word_1_350' title='bbox 692 3779 791 3819; x_wconf 86' lang='grc' dir='ltr'>τῶν</span> <span class='ocrx_word' id='word_1_351' title='bbox 828 3776 1064 3819; x_wconf 90' lang='grc' dir='ltr'>κινδύνων</span> <span class='ocrx_word' id='word_1_352' title='bbox 1105 3777 1344 3831; x_wconf 89' lang='grc' dir='ltr'>ςυμφορὰς</span> <span class='ocrx_word' id='word_1_353' title='bbox 1384 3778 1439 3820; x_wconf 85' lang='grc' dir='ltr'>ού</span> <span class='ocrx_word' id='word_1_354' title='bbox 1473 3781 1695 3820; x_wconf 83' lang='grc' dir='ltr'>κατανοεῖ</span> <span class='ocrx_word' id='word_1_355' title='bbox 1730 3779 1760 3821; x_wconf 89' lang='grc' dir='ltr'>Β</span> <span class='ocrx_word' id='word_1_356' title='bbox 1792 3776 2042 3831; x_wconf 78' lang='lat' dir='ltr'>(promyth.)</span> <span class='ocrx_word' id='word_1_357' title='bbox 2078 3774 2105 3818; x_wconf 74' lang='lat' dir='ltr'>f</span> 
     </span>
    </p>
   </div>
   <div class='ocr_carea' id='block_1_5' title="bbox 1797 3851 1851 3890">
    <p class='ocr_par' dir='ltr' id='par_1_27' title="bbox 1797 3851 1851 3890">
     <span class='ocr_line' id='line_1_44' title="bbox 1797 3851 1851 3890; baseline 0 -15"><span class='ocrx_word' id='word_1_358' title='bbox 1797 3851 1851 3890; x_wconf 65' lang='grc' dir='ltr'>4-ἲέ</span> 
     </span>
    </p>
   </div>
  </div>
 </body>
</html>
