2332 4134
1092 272 1447 325 ...28—

590 421 620 473 ὁ
660 419 706 473 δ’
745 420 841 472 οὐκ
879 418 1127 482 ἐπιςχών,
1166 421 1242 484 τῷ
1281 414 1423 483 λόγῳ
1463 414 1523 466 δὲ
1561 412 1829 464 πιςτεύςας

590 508 840 570 παρῆλθε.
892 506 1088 568 Θερμοῡ
1129 501 1175 554 δ’
1215 502 1518 566 ἐκφυγοῡςα
1554 497 1798 549 κινδύνου

588 592 758 656 κερδὼ
797 590 1012 654 παχείης
1052 589 1328 642 ἑξέκυπτεν
1367 585 1616 648 αἰγείρου,

589 676 802 740 ςεςηρὸς
841 674 1169 727 αἰκάλλουςα.
1222 676 1284 739 τῇ
1326 670 1371 724 δ’
1410 671 1441 731 ὁ
1479 668 1766 734 πρεςβύτης

586 761 900 830 ,ζωαγρίους
936 777 1022 823 μοι
1059 757 1291 823 χάριτας(
1329 755 1474 809 εἶπεν
1519 750 1815 821 ,ὀφλήςεις.ι
2243 755 2327 819 Ιὸζξ

584 842 806 911 εἔρρωςο
844 842 1038 897 τοίνυν’
1075 844 1253 909 φηςίν·
1291 841 1443 911 ,ἀλλά
1481 858 1582 904 μου
1621 836 1882 904 μνήςκου]

587 925 719 984 ιπῶς
757 929 855 983 οὐκ
894 922 975 981 ἄν’
1014 926 1160 981 εἶπεν
1195 923 1290 980 “ὧν
1326 944 1385 989 γε
1423 926 1621 991 μάρτυς
1659 911 1948 986 εἱςτήκειν;’

587 1016 899 1084 ,ἐρρυςάμην
937 1016 1022 1069 ςε.(
1061 1009 1163 1067 (καὶ
1198 1014 1294 1067 τὸν
1324 1012 1526 1076 Ὅρκον
1564 1010 1628 1063 ού
1667 1009 1834 1076 φεύξῃ

587 1106 742 1168 φωνῇ
782 1120 843 1166 με
881 1102 1070 1163 ςώςας,
1111 1100 1353 1167 δακτύλῳ
1393 1097 1440 1150 δ’
1478 1093 1821 1149 ἀποκτείναςῖ

661 1187 855 1254 [ςοφόν
893 1188 955 1239 τὸ
995 1189 1139 1238 θεῖον
1177 1183 1534 1246 κάπλάνητον·
1574 1180 1689 1234 οὐδ’
1728 1180 1792 1233 ἄν
1829 1197 1903 1232 τις
2239 1191 2294 1231 20

588 1276 766 1325 λαθεῖν
804 1273 1067 1336 ἐπιορκῶν
1104 1273 1398 1337 προςδοκᾷ,
1437 1269 1605 1332 Δίκην
1644 1265 1887 1334 φεύγει]

419 1366 689 1430 Εὐκαίρως
727 1365 758 1417 ὁ
798 1367 961 1429 μῦθος
1000 1363 1275 1428 ῥηθήςεται
1322 1362 1458 1426 πρὸς
1510 1361 1741 1414 ἐκείνους
1787 1361 1912 1414 τοὺς
1962 1358 2156 1426 χρηςτὰ
2203 1359 2297 1423 μὲν

249 1451 749 1515 ἐπαγγελλομένους,
790 1449 940 1502 δόλια
978 1450 1037 1501 δὲ
1077 1449 1158 1499 καὶ
1197 1450 1379 1513 φαῦλα
1420 1445 1836 1512 ἑργαζομένους.ξ

587 1694 683 1744 Ἔν
722 1693 796 1759 τῲ
835 1690 953 1743 ποτ’
992 1690 1120 1759 οἴκῳ
1161 1690 1433 1755 πρόβατον
1472 1689 1579 1755 εἶχέ
1619 1708 1694 1743 τις
1731 1692 1882 1755 χήρη,

589 1779 813 1830 Θέλουςα
850 1776 898 1830 δ’
936 1777 1100 1828 αὐτοῦ
1139 1776 1234 1828 τὸν
1273 1776 1442 1829 πόκον
1480 1779 1656 1841 λαβεῖν
1694 1778 1856 1841 μείζω

586 1862 781 1926 ἔκειρεν
819 1862 1053 1926 ἀτέχνως
1091 1865 1183 1925 τῆς
1219 1879 1275 1914 τε
1316 1863 1507 1926 ςαρκός
1543 1861 1607 1914 οὐ
1643 1862 1831 1927 πόρρω

587 1948 683 2000 τὸν
722 1948 920 2011 μαλλόν
958 1947 1230 2012 ε’ψάλιζεν,
1269 1947 1399 2000 ὥςτε
1437 1949 1749 2012 τιτρώςκειν.

588 2031 784 2095 ἀλγοῦν
822 2035 882 2085 δὲ
919 2033 1192 2098 πρόβατον
1230 2032 1368 2085 εἶπε(
1406 2026 1492 2096 (μή
1533 2051 1593 2097 με
1632 2034 1928 2097 λυμαίνου·-
2270 2045 2296 2083 5

588 2120 754 2183 πόςην
791 2120 891 2183 γὰρ
932 2119 1092 2182 ὁλκὴν
1130 2119 1330 2183 τούμὸν
1369 2118 1493 2183 αἷμα
1531 2120 1833 2183 προςθήςει;

588 2204 699 2257 ἀλλ’
737 2205 781 2258 εἰ
818 2208 1002 2269 κρεῶν,
1042 2206 1310 2267 δέςποινα,
1349 2208 1457 2257 τῶν
1496 2206 1636 2270 ἐμῶν
1674 2207 1894 2273 χρῄζεις,

586 2291 720 2342 ’ἐςτιν
757 2290 1025 2354 μάγειρος,
1064 2288 1124 2342 ὅς
1161 2307 1222 2354 με
1261 2291 1531 2354 ςυντόμως
1570 2291 1726 2343 θύςει·

587 2376 631 2429 εἰ
669 2376 714 2429 δ’
754 2376 932 2441 εἰρίων
969 2376 1141 2428 πόκου
1179 2393 1236 2428 τε
1276 2375 1372 2429 κού
1411 2380 1582 2441 κρεῶν
1619 2378 1839 2443 χρῄζεις,

587 2462 740 2514 πάλιν
779 2462 880 2514 ἔςτι
918 2462 1163 2525 κουρεύς,
1203 2460 1262 2513 ὃς
1300 2465 1439 2526 κερεῑ
1476 2480 1536 2526 με
1574 2463 1658 2514 καὶ
1698 2462 1875 2515 ςώςει,’
2243 2473 2296 2513 10

415 2554 566 2618 Πρὸς
604 2555 727 2606 τοὺς
766 2555 894 2618 μετὰ
933 2553 1169 2618 ἀπειρίας
1215 2558 1325 2606 τοῖς
1372 2555 1660 2619 πράγμαςιν
1705 2555 2092 2618 ἐγχειροῦντας,
2145 2553 2198 2607 ἐξ
2235 2551 2295 2617 ἦς

247 2638 311 2691 οὐ
350 2642 604 2691 τοςοῡτον
640 2640 702 2691 τὸ
743 2641 929 2703 κε’ρδος
967 2638 1060 2702 ὅςη
1100 2640 1259 2704 βλάβη
1299 2640 1645 2704 προςγίνεται.

1231 2783 1313 2839 52

590 2880 676 2932 Εἰς
716 2880 839 2932 ἄςτυ
878 2881 1229 2945 τετράκυκλον
1267 2883 1472 2946 ἠρεμεῑς
1510 2886 1696 2947 ταῦροι

588 2965 789 3028 ἅμαξαν
827 2966 986 3028 ὤμοις
1025 2966 1220 3019 εἷλκον·
1261 2968 1292 3030 ἡ
1332 2966 1378 3019 δ’
1418 2968 1678 3031 ἑτετρίγει.

250 3078 319 3085 ·-——
491 3079 530 3082 —--
537 3079 584 3082 --

420 3139 469 3175 11
513 3135 581 3178 ὅδ’
612 3134 646 3179 Α
753 3134 955 3188 ἑπιςχὼν
994 3135 1046 3189 Α]
1087 3136 1191 3190 οὐχὶ
1230 3137 1479 3205 προςςχὼν
1520 3139 1723 3192 Hattung
1762 3141 1833 3194 τῷ
1875 3137 1926 3181 δὲ
1967 3137 2185 3191 δακτύλῳ
2228 3136 2288 3188 μὴ

246 3205 279 3235 π
290 3204 547 3246 ροςςχων
578 3194 816 3246 παρῆλθεν
840 3193 872 3236 Β
904 3196 1277 3235 consentientibus
1306 3197 1351 3234 in
1381 3196 1515 3235 verbo
1546 3200 1795 3248 προςςχεῑν
1811 3180 2030 3249 FcAug.
2120 3197 2173 3236 13
2202 3205 2289 3236 πα-

245 3247 373 3301 χείας
405 3249 438 3292 Α
533 3252 586 3288 14
615 3247 878 3291 ἀκάλλουςα
909 3250 943 3293 Α
1043 3253 1094 3290 16
1125 3250 1318 3304 ’ἔρρωςο
1349 3251 1523 3294 τοίνυν’
1554 3253 1612 3295 M.
1637 3253 1833 3293 Schmidt
1863 3251 2049 3304 (Rhein.
2070 3249 2199 3292 Mus?
2220 3252 2292 3300 26,

247 3304 362 3359 200)]
397 3305 664 3359 ἑρρυςάμην
687 3318 734 3348 ςε
755 3305 790 3350 Α
867 3319 952 3357 μου
989 3306 1161 3359 μήςκου
1195 3306 1247 3359 Α]
1283 3308 1535 3360 μιμνήςκου
1569 3309 1626 3352 ι’(
1715 3309 1800 3364 [16]
1823 3309 1970 3364 Bergk
2058 3310 2110 3349 17
2141 3305 2288 3358 είςτή·

246 3374 343 3404 κειν
373 3360 418 3415 L]
454 3360 652 3414 εἰςτήκει
673 3362 707 3405 Α
797 3365 849 3403 18
881 3364 1163 3417 ,ἑρρυςάμην
1194 3366 1359 3406 ςε.1»(Ι.
1384 3365 1580 3405 Schmidt
1609 3365 1826 3420 (ibidem)]
1859 3365 1939 3421 ἔρρ
1945 3377 2039 3408 ωςο
2068 3362 2233 3407 τοίνυν
2253 3363 2288 3406 Α

250 3421 302 3459 19
336 3431 388 3468 με
422 3419 620 3461 ςώςας..
641 3450 648 3457 .
679 3418 959 3461 ἀποκτείνας
993 3419 1174 3474 Seidlex]
1210 3422 1251 3472 μ’
1284 3422 1457 3464 ἔςωςας
1470 3452 1591 3461 .....
1622 3422 1900 3466 ἀπέκτεινας
1913 3380 1964 3466 ρΑ
2085 3418 2284 3476 [20-21]

246 3476 424 3515 ιτς-1111)
428 3490 501 3514 mn
619 3478 673 3516 ‘20
702 3477 779 3517 καί
811 3475 1084 3527 ἀπλάνητον
1118 3477 1150 3519 Α
1272 3481 1321 3518 ’21
1357 3479 1448 3531 φεύ
1453 3492 1524 3530 γει
1554 3478 1824 3534 Lachmann]
1858 3479 2055 3531 φεύγειν
2085 3478 2121 3522 Α

418 3532 470 3575 51
491 3531 526 3574 Α
549 3532 859 3576 839--0288
883 3533 1073 3576 F168—
1021 3563 1073 3570 -
1093 3533 1166 3587 Cp
1171 3538 1280 3576 ‚399
1301 3555 1359 3565 —
1383 3539 1402 3575 1
1427 3535 1478 3576 ἔν
1500 3536 1569 3589 τῲ
1598 3536 1671 3590 Ι.*]
1696 3537 1746 3579 ἐν
1767 3540 1837 3591 τῷ
1855 3536 1891 3580 Α
1912 3535 1964 3578 ἐν
1985 3534 2118 3588 τόπῳ
2140 3534 2234 3576 τινὶ
2256 3534 2288 3576 Β

246 3588 369 3641 χήρα
388 3587 422 3631 Α
496 3592 520 3628 3
545 3588 719 3642 ε’κειρεν
737 3588 786 3643 Α]
809 3589 944 3643 ἕκειρ’
962 3591 1187 3631 Ebethd
1249 3590 1461 3644 ἀτεχνῶς
1480 3592 1514 3636 Α
1590 3597 1614 3634 9
1636 3607 1689 3636 τε
1705 3593 1754 3648 Α]
1779 3593 1829 3635 ςὺ
1853 3592 1999 3646 Bexgk
2053 3589 2237 3645 χρήζεις
2254 3589 2287 3632 Α

418 3644 478 3688 52
500 3645 535 3688 Α
558 3646 654 3688 832
683 3647 846 3689 1³39:
866 3646 894 3690 C
913 3662 953 3699 p.
973 3650 1055 3687 355
1088 3646 1307 3690 01681-22
1336 3669 1393 3678 —
1423 3650 1618 3690 fabulnn
1640 3652 1902 3691 Babrianam
1933 3663 2021 3690 non
2052 3661 2147 3689 esse
2177 3648 2287 3687 arbi

246 3709 382 3742 υἷι-,ιιι
412 3703 480 3741 ΕΙ
487 3703 692 3742 erhaxdus
785 3707 803 3742 1
838 3702 1027 3757 ἠρειιεῑς
1062 3703 1109 3756 G]
1145 3705 1337 3758 ἀρρενες
1365 3705 1439 3748 Αζ
1443 3720 1508 3745 (²0
1509 3713 1704 3759 r,uptum
1737 3709 1821 3747 nisi
1851 3707 1961 3747 some
1991 3704 2288 3759 significantur

248 3758 683 3799 1·0busti’Ebe1··ha1‹l
