<?xml version="1.0" encoding="UTF-8"?>
<!DOCTYPE html PUBLIC "-//W3C//DTD XHTML 1.0 Transitional//EN"
    "http://www.w3.org/TR/xhtml1/DTD/xhtml1-transitional.dtd">
<html xmlns="http://www.w3.org/1999/xhtml" xml:lang="en" lang="en">
 <head>
  <title>
</title>
<meta http-equiv="Content-Type" content="text/html;charset=utf-8" />
  <meta name='ocr-system' content='tesseract 3.04.00' />
  <meta name='ocr-capabilities' content='ocr_page ocr_carea ocr_par ocr_line ocrx_word'/>
</head>
<body>
  <div class='ocr_page' id='page_1' title='image "babriifabulae00babruoft_0054.png"; bbox 0 0 2332 4134; ppageno 0'>
   <div class='ocr_carea' id='block_1_1' title="bbox 1116 305 1467 355">
    <p class='ocr_par' dir='ltr' id='par_1_1' title="bbox 1116 305 1467 355">
     <span class='ocr_line' id='line_1_1' title="bbox 1116 305 1467 355; baseline -0.006 -12"><span class='ocrx_word' id='word_1_1' title='bbox 1116 305 1467 355; x_wconf 67' lang='lat'><strong>-42-.</strong></span> 
     </span>
    </p>
   </div>
   <div class='ocr_carea' id='block_1_2' title="bbox 1243 475 1327 531">
    <p class='ocr_par' dir='ltr' id='par_1_2' title="bbox 1243 475 1327 531">
     <span class='ocr_line' id='line_1_2' title="bbox 1243 475 1327 531; baseline 0 0"><span class='ocrx_word' id='word_1_2' title='bbox 1243 475 1327 531; x_wconf 82' lang='lat'>82</span> 
     </span>
    </p>
   </div>
   <div class='ocr_carea' id='block_1_3' title="bbox 258 573 2332 1674">
    <p class='ocr_par' dir='ltr' id='par_1_3' title="bbox 258 573 2332 1674">
     <span class='ocr_line' id='line_1_3' title="bbox 602 573 1630 643; baseline -0.009 -10"><span class='ocrx_word' id='word_1_3' title='bbox 602 580 936 643; x_wconf 89' lang='grc' dir='ltr'>Κοιμωμένου</span> <span class='ocrx_word' id='word_1_4' title='bbox 978 577 1192 628; x_wconf 92' lang='grc' dir='ltr'>λέοντος</span> <span class='ocrx_word' id='word_1_5' title='bbox 1231 573 1413 638; x_wconf 99' lang='grc' dir='ltr'>ἀγρίης</span> <span class='ocrx_word' id='word_1_6' title='bbox 1451 574 1630 637; x_wconf 86' lang='grc' dir='ltr'>χαίτης</span> 
     </span>
     <span class='ocr_line' id='line_1_4' title="bbox 601 659 1685 728; baseline -0.009 -10"><span class='ocrx_word' id='word_1_7' title='bbox 601 667 876 728; x_wconf 80' lang='grc' dir='ltr'>διέδραμεν</span> <span class='ocrx_word' id='word_1_8' title='bbox 915 665 1038 726; x_wconf 92' lang='grc' dir='ltr'>μῦς·</span> <span class='ocrx_word' id='word_1_9' title='bbox 1079 660 1109 712; x_wconf 90' lang='grc' dir='ltr'>ὁ</span> <span class='ocrx_word' id='word_1_10' title='bbox 1149 661 1209 712; x_wconf 81' lang='grc' dir='ltr'>δὲ</span> <span class='ocrx_word' id='word_1_11' title='bbox 1247 661 1385 711; x_wconf 92' lang='grc' dir='ltr'>λε’ων</span> <span class='ocrx_word' id='word_1_12' title='bbox 1425 659 1685 721; x_wconf 82' lang='grc' dir='ltr'>ἐθυμώθη,</span> 
     </span>
     <span class='ocr_line' id='line_1_5' title="bbox 601 742 1826 815; baseline -0.007 -14"><span class='ocrx_word' id='word_1_13' title='bbox 601 750 787 815; x_wconf 84' lang='grc' dir='ltr'>φρίξας</span> <span class='ocrx_word' id='word_1_14' title='bbox 827 749 888 799; x_wconf 80' lang='grc' dir='ltr'>δὲ</span> <span class='ocrx_word' id='word_1_15' title='bbox 926 746 1106 810; x_wconf 85' lang='grc' dir='ltr'><strong>χαίτην</strong></span> <span class='ocrx_word' id='word_1_16' title='bbox 1146 744 1302 808; x_wconf 82' lang='grc' dir='ltr'>ἔθορε</span> <span class='ocrx_word' id='word_1_17' title='bbox 1341 743 1597 808; x_wconf 89' lang='grc' dir='ltr'>φωλάδος</span> <span class='ocrx_word' id='word_1_18' title='bbox 1635 742 1826 805; x_wconf 84' lang='grc' dir='ltr'>κοίτης.</span> 
     </span>
     <span class='ocr_line' id='line_1_6' title="bbox 599 829 2327 898; baseline -0.006 -12"><span class='ocrx_word' id='word_1_19' title='bbox 599 835 767 898; x_wconf 84' lang='grc' dir='ltr'>κερδὼ</span> <span class='ocrx_word' id='word_1_20' title='bbox 808 832 853 884; x_wconf 81' lang='grc' dir='ltr'>δ’</span> <span class='ocrx_word' id='word_1_21' title='bbox 891 831 1252 895; x_wconf 79' lang='grc' dir='ltr'>ἐπεχλεύαζεν,</span> <span class='ocrx_word' id='word_1_22' title='bbox 1292 829 1364 881; x_wconf 79' lang='grc' dir='ltr'>ὡς</span> <span class='ocrx_word' id='word_1_23' title='bbox 1404 829 1611 892; x_wconf 81' lang='grc' dir='ltr'>ἐκινήθη</span> <span class='ocrx_word' id='word_1_24' title='bbox 2323 889 2327 896; x_wconf 26' lang='grc' dir='ltr'>Ι</span> 
     </span>
     <span class='ocr_line' id='line_1_7' title="bbox 602 914 2307 982; baseline -0.004 -11"><span class='ocrx_word' id='word_1_25' title='bbox 602 919 736 982; x_wconf 91' lang='grc' dir='ltr'>πρὸς</span> <span class='ocrx_word' id='word_1_26' title='bbox 775 921 873 982; x_wconf 85' lang='grc' dir='ltr'>μῦν</span> <span class='ocrx_word' id='word_1_27' title='bbox 913 916 943 968; x_wconf 87' lang='grc' dir='ltr'>ὁ</span> <span class='ocrx_word' id='word_1_28' title='bbox 982 916 1200 967; x_wconf 88' lang='grc' dir='ltr'>πάντων</span> <span class='ocrx_word' id='word_1_29' title='bbox 1239 915 1439 978; x_wconf 92' lang='grc' dir='ltr'>θηρίων</span> <span class='ocrx_word' id='word_1_30' title='bbox 1476 914 1827 978; x_wconf 86' lang='grc' dir='ltr'>τυραννεύων.</span> <span class='ocrx_word' id='word_1_31' title='bbox 2281 925 2307 964; x_wconf 82' lang='grc'><strong>5</strong></span> 
     </span>
     <span class='ocr_line' id='line_1_8' title="bbox 602 988 2332 1066; baseline -0.004 -11"><span class='ocrx_word' id='word_1_32' title='bbox 602 1004 631 1055; x_wconf 87' lang='grc' dir='ltr'>ὁ</span> <span class='ocrx_word' id='word_1_33' title='bbox 673 1003 719 1055; x_wconf 79' lang='grc' dir='ltr'>δ’</span> <span class='ocrx_word' id='word_1_34' title='bbox 756 997 892 1066; x_wconf 61' lang='grc' dir='ltr'>(οὐχὶ</span> <span class='ocrx_word' id='word_1_35' title='bbox 930 1002 1025 1053; x_wconf 91' lang='grc' dir='ltr'>τὸν</span> <span class='ocrx_word' id='word_1_36' title='bbox 1063 990 1179 1064; x_wconf 74' lang='grc' dir='ltr'>μῦν’</span> <span class='ocrx_word' id='word_1_37' title='bbox 1220 999 1379 1061; x_wconf 83' lang='grc' dir='ltr'>εἶπεν,</span> <span class='ocrx_word' id='word_1_38' title='bbox 1413 994 1475 1051; x_wconf 67' lang='grc' dir='ltr'>ιὦ</span> <span class='ocrx_word' id='word_1_39' title='bbox 1514 999 1829 1062; x_wconf 90' lang='grc' dir='ltr'>παλαμναίη,</span> <span class='ocrx_word' id='word_1_40' title='bbox 2329 988 2332 993; x_wconf 63' lang='grc'><strong>’</strong></span> 
     </span>
     <span class='ocr_line' id='line_1_9' title="bbox 600 1085 1883 1153; baseline -0.005 -12"><span class='ocrx_word' id='word_1_41' title='bbox 600 1090 839 1150; x_wconf 87' lang='grc' dir='ltr'>δέδοικα,</span> <span class='ocrx_word' id='word_1_42' title='bbox 878 1089 943 1152; x_wconf 87' lang='grc' dir='ltr'>μή</span> <span class='ocrx_word' id='word_1_43' title='bbox 983 1104 1085 1151; x_wconf 93' lang='grc' dir='ltr'>μου</span> <span class='ocrx_word' id='word_1_44' title='bbox 1125 1088 1220 1149; x_wconf 85' lang='grc' dir='ltr'>τὴν</span> <span class='ocrx_word' id='word_1_45' title='bbox 1259 1087 1424 1149; x_wconf 90' lang='grc' dir='ltr'>δορὴν</span> <span class='ocrx_word' id='word_1_46' title='bbox 1464 1085 1603 1153; x_wconf 92' lang='grc' dir='ltr'>κνίςῃ</span> <span class='ocrx_word' id='word_1_47' title='bbox 1644 1085 1883 1149; x_wconf 88' lang='grc' dir='ltr'>φεύγων·</span> 
     </span>
     <span class='ocr_line' id='line_1_10' title="bbox 599 1170 1810 1238; baseline -0.004 -12"><span class='ocrx_word' id='word_1_48' title='bbox 599 1175 780 1238; x_wconf 87' lang='grc' dir='ltr'>χαίτην</span> <span class='ocrx_word' id='word_1_49' title='bbox 818 1173 865 1226; x_wconf 84' lang='grc' dir='ltr'>δ’</span> <span class='ocrx_word' id='word_1_50' title='bbox 903 1173 1082 1237; x_wconf 84' lang='grc' dir='ltr'>ἔμελλε</span> <span class='ocrx_word' id='word_1_51' title='bbox 1120 1173 1214 1235; x_wconf 88' lang='grc' dir='ltr'>τὴν</span> <span class='ocrx_word' id='word_1_52' title='bbox 1255 1172 1381 1234; x_wconf 81' lang='grc' dir='ltr'>ἐμὴν</span> <span class='ocrx_word' id='word_1_53' title='bbox 1418 1170 1810 1234; x_wconf 80' lang='grc' dir='ltr'>καταιςχύνειν.’</span> 
     </span>
     <span class='ocr_line' id='line_1_11' title="bbox 671 1255 1971 1327; baseline -0.004 -16"><span class='ocrx_word' id='word_1_54' title='bbox 671 1259 987 1327; x_wconf 87' lang='grc' dir='ltr'>[ἀρχόμενον</span> <span class='ocrx_word' id='word_1_55' title='bbox 1028 1257 1142 1322; x_wconf 88' lang='grc' dir='ltr'>ἄρτι</span> <span class='ocrx_word' id='word_1_56' title='bbox 1180 1258 1242 1308; x_wconf 87' lang='grc' dir='ltr'>τὸ</span> <span class='ocrx_word' id='word_1_57' title='bbox 1283 1258 1445 1320; x_wconf 84' lang='grc' dir='ltr'>θραςὺ</span> <span class='ocrx_word' id='word_1_58' title='bbox 1484 1259 1591 1308; x_wconf 87' lang='grc' dir='ltr'>τῶν</span> <span class='ocrx_word' id='word_1_59' title='bbox 1629 1255 1971 1320; x_wconf 73' lang='grc' dir='ltr'>ὑβριζόντων,</span> 
     </span>
     <span class='ocr_line' id='line_1_12' title="bbox 599 1342 2309 1411; baseline -0.003 -14"><span class='ocrx_word' id='word_1_60' title='bbox 599 1345 695 1398; x_wconf 85' lang='grc' dir='ltr'>κᾶν</span> <span class='ocrx_word' id='word_1_61' title='bbox 734 1345 918 1409; x_wconf 90' lang='grc' dir='ltr'>μικρὸν</span> <span class='ocrx_word' id='word_1_62' title='bbox 956 1344 1012 1411; x_wconf 79' lang='grc' dir='ltr'>ᾗ,</span> <span class='ocrx_word' id='word_1_63' title='bbox 1051 1343 1219 1395; x_wconf 87' lang='grc' dir='ltr'>κώλυε</span> <span class='ocrx_word' id='word_1_64' title='bbox 1257 1344 1389 1406; x_wconf 78' lang='grc' dir='ltr'>μηδὲ</span> <span class='ocrx_word' id='word_1_65' title='bbox 1427 1342 1679 1406; x_wconf 83' lang='grc' dir='ltr'>ςυγχώρει</span> <span class='ocrx_word' id='word_1_66' title='bbox 2257 1353 2309 1392; x_wconf 91' lang='lat'>10</span> 
     </span>
     <span class='ocr_line' id='line_1_13' title="bbox 599 1425 1913 1495; baseline -0.003 -12"><span class='ocrx_word' id='word_1_67' title='bbox 599 1429 1068 1495; x_wconf 87' lang='grc' dir='ltr'>εὐκαταφρόνητον</span> <span class='ocrx_word' id='word_1_68' title='bbox 1108 1428 1300 1480; x_wconf 91' lang='grc' dir='ltr'>ςαυτὸν</span> <span class='ocrx_word' id='word_1_69' title='bbox 1340 1426 1471 1479; x_wconf 83' lang='grc' dir='ltr'>εἶναι</span> <span class='ocrx_word' id='word_1_70' title='bbox 1509 1430 1618 1479; x_wconf 87' lang='grc' dir='ltr'>τοῖς</span> <span class='ocrx_word' id='word_1_71' title='bbox 1656 1425 1913 1493; x_wconf 70' lang='grc' dir='ltr'>φαύλοις]</span> 
     </span>
     <span class='ocr_line' id='line_1_14' title="bbox 428 1518 2308 1585; baseline -0.003 -9"><span class='ocrx_word' id='word_1_72' title='bbox 428 1523 485 1576; x_wconf 90' lang='grc' dir='ltr'>Ὁ</span> <span class='ocrx_word' id='word_1_73' title='bbox 526 1524 684 1585; x_wconf 82' lang='grc' dir='ltr'>λόγος</span> <span class='ocrx_word' id='word_1_74' title='bbox 732 1523 954 1575; x_wconf 86' lang='grc' dir='ltr'>διδάςκει</span> <span class='ocrx_word' id='word_1_75' title='bbox 1003 1519 1082 1572; x_wconf 89' lang='grc' dir='ltr'>ὅτι</span> <span class='ocrx_word' id='word_1_76' title='bbox 1130 1520 1259 1573; x_wconf 80' lang='grc' dir='ltr'>οὐδὲ</span> <span class='ocrx_word' id='word_1_77' title='bbox 1307 1520 1412 1571; x_wconf 82' lang='grc' dir='ltr'>ὑπὸ</span> <span class='ocrx_word' id='word_1_78' title='bbox 1455 1522 1561 1570; x_wconf 83' lang='grc' dir='ltr'>τῶν</span> <span class='ocrx_word' id='word_1_79' title='bbox 1599 1519 1826 1583; x_wconf 88' lang='grc' dir='ltr'>μετρίων</span> <span class='ocrx_word' id='word_1_80' title='bbox 1864 1521 1943 1572; x_wconf 85' lang='grc' dir='ltr'>δεῖ</span> <span class='ocrx_word' id='word_1_81' title='bbox 1978 1518 2114 1583; x_wconf 83' lang='grc' dir='ltr'>ἡμᾶς</span> <span class='ocrx_word' id='word_1_82' title='bbox 2155 1535 2308 1571; x_wconf 87' lang='grc' dir='ltr'>κατα-</span> 
     </span>
     <span class='ocr_line' id='line_1_15' title="bbox 258 1606 2075 1674; baseline -0.002 -12"><span class='ocrx_word' id='word_1_83' title='bbox 258 1613 587 1674; x_wconf 89' lang='grc' dir='ltr'>φρονεῑςθαι,</span> <span class='ocrx_word' id='word_1_84' title='bbox 629 1610 713 1661; x_wconf 90' lang='grc' dir='ltr'>διὰ</span> <span class='ocrx_word' id='word_1_85' title='bbox 750 1609 812 1660; x_wconf 91' lang='grc' dir='ltr'>τὸ</span> <span class='ocrx_word' id='word_1_86' title='bbox 853 1609 918 1671; x_wconf 89' lang='grc' dir='ltr'>μὴ</span> <span class='ocrx_word' id='word_1_87' title='bbox 959 1607 1201 1659; x_wconf 79' lang='grc' dir='ltr'>ἐντεῦθεν</span> <span class='ocrx_word' id='word_1_88' title='bbox 1240 1606 1513 1669; x_wconf 89' lang='grc' dir='ltr'>ςυνήθειαν</span> <span class='ocrx_word' id='word_1_89' title='bbox 1551 1606 1713 1669; x_wconf 88' lang='grc' dir='ltr'>κακὴν</span> <span class='ocrx_word' id='word_1_90' title='bbox 1748 1608 2075 1669; x_wconf 89' lang='grc' dir='ltr'>γεννηθῆναι.</span> 
     </span>
    </p>
   </div>
   <div class='ocr_carea' id='block_1_4' title="bbox 1236 1763 1319 1819">
    <p class='ocr_par' dir='ltr' id='par_1_4' title="bbox 1236 1763 1319 1819">
     <span class='ocr_line' id='line_1_16' title="bbox 1236 1763 1319 1819; baseline -0.012 0"><span class='ocrx_word' id='word_1_91' title='bbox 1236 1763 1319 1819; x_wconf 84' lang='grc'>83</span> 
     </span>
    </p>
   </div>
   <div class='ocr_carea' id='block_1_5' title="bbox 256 1861 2307 2619">
    <p class='ocr_par' dir='ltr' id='par_1_5' title="bbox 256 1861 2307 2619">
     <span class='ocr_line' id='line_1_17' title="bbox 600 1861 1768 1928; baseline -0.003 -12"><span class='ocrx_word' id='word_1_92' title='bbox 600 1865 787 1928; x_wconf 90' lang='grc' dir='ltr'>Κριθάς</span> <span class='ocrx_word' id='word_1_93' title='bbox 826 1882 900 1916; x_wconf 90' lang='grc' dir='ltr'>τις</span> <span class='ocrx_word' id='word_1_94' title='bbox 937 1863 1234 1927; x_wconf 77' lang='grc' dir='ltr'>ἱπποκόμος</span> <span class='ocrx_word' id='word_1_95' title='bbox 1271 1863 1486 1915; x_wconf 80' lang='grc' dir='ltr'>ἔκλεπτε</span> <span class='ocrx_word' id='word_1_96' title='bbox 1523 1861 1768 1924; x_wconf 82' lang='grc' dir='ltr'>κάπώλει,</span> 
     </span>
     <span class='ocr_line' id='line_1_18' title="bbox 599 1948 1854 2015; baseline 0 -15"><span class='ocrx_word' id='word_1_97' title='bbox 599 1951 693 2002; x_wconf 90' lang='grc' dir='ltr'>τὸν</span> <span class='ocrx_word' id='word_1_98' title='bbox 733 1950 779 2001; x_wconf 79' lang='grc' dir='ltr'>δ’</span> <span class='ocrx_word' id='word_1_99' title='bbox 813 1948 978 2001; x_wconf 89' lang='grc' dir='ltr'>ἵππον</span> <span class='ocrx_word' id='word_1_100' title='bbox 1018 1950 1274 2003; x_wconf 80' lang='grc' dir='ltr'>ἐκτένιζεν</span> <span class='ocrx_word' id='word_1_101' title='bbox 1309 1948 1507 2012; x_wconf 72' lang='grc' dir='ltr'>ἡμέρην</span> <span class='ocrx_word' id='word_1_102' title='bbox 1545 1950 1730 2000; x_wconf 88' lang='grc' dir='ltr'>πᾶςαν.</span> <span class='ocrx_word' id='word_1_103' title='bbox 1799 2011 1803 2015; x_wconf 30' lang='grc'>,</span> <span class='ocrx_word' id='word_1_104' title='bbox 1851 1960 1854 1964; x_wconf 89' lang='grc'>’</span> 
     </span>
     <span class='ocr_line' id='line_1_19' title="bbox 599 2029 1779 2098; baseline -0.003 -11"><span class='ocrx_word' id='word_1_105' title='bbox 599 2036 628 2086; x_wconf 88' lang='grc' dir='ltr'>ὁ</span> <span class='ocrx_word' id='word_1_106' title='bbox 669 2035 715 2087; x_wconf 86' lang='grc' dir='ltr'>δ’</span> <span class='ocrx_word' id='word_1_107' title='bbox 754 2034 922 2087; x_wconf 80' lang='grc' dir='ltr'>εἶπεν·</span> <span class='ocrx_word' id='word_1_108' title='bbox 961 2029 1026 2086; x_wconf 59' lang='grc' dir='ltr'>(εἰ</span> <span class='ocrx_word' id='word_1_109' title='bbox 1064 2036 1228 2086; x_wconf 91' lang='grc' dir='ltr'>θέλεις</span> <span class='ocrx_word' id='word_1_110' title='bbox 1267 2051 1327 2098; x_wconf 91' lang='grc' dir='ltr'>με</span> <span class='ocrx_word' id='word_1_111' title='bbox 1366 2036 1477 2085; x_wconf 83' lang='grc' dir='ltr'>ταῖς</span> <span class='ocrx_word' id='word_1_112' title='bbox 1517 2031 1779 2096; x_wconf 88' lang='grc' dir='ltr'>ἀληθείαις</span> 
     </span>
     <span class='ocr_line' id='line_1_20' title="bbox 598 2118 1827 2184; baseline 0 -12"><span class='ocrx_word' id='word_1_113' title='bbox 598 2121 760 2172; x_wconf 85' lang='grc' dir='ltr'>καλὸν</span> <span class='ocrx_word' id='word_1_114' title='bbox 796 2121 1046 2183; x_wconf 89' lang='grc' dir='ltr'>γενέςθαι,</span> <span class='ocrx_word' id='word_1_115' title='bbox 1084 2121 1147 2171; x_wconf 90' lang='grc' dir='ltr'>τὸ</span> <span class='ocrx_word' id='word_1_116' title='bbox 1187 2121 1389 2184; x_wconf 86' lang='grc' dir='ltr'>τρέφον</span> <span class='ocrx_word' id='word_1_117' title='bbox 1426 2136 1487 2183; x_wconf 91' lang='grc' dir='ltr'>με</span> <span class='ocrx_word' id='word_1_118' title='bbox 1526 2121 1592 2183; x_wconf 89' lang='grc' dir='ltr'>μὴ</span> <span class='ocrx_word' id='word_1_119' title='bbox 1633 2118 1827 2172; x_wconf 83' lang='grc' dir='ltr'>πώλει.’</span> 
     </span>
     <span class='ocr_line' id='line_1_21' title="bbox 670 2204 2307 2273; baseline -0.002 -15"><span class='ocrx_word' id='word_1_120' title='bbox 670 2206 797 2273; x_wconf 85' lang='grc' dir='ltr'>[τῶν</span> <span class='ocrx_word' id='word_1_121' title='bbox 836 2206 1052 2269; x_wconf 86' lang='grc' dir='ltr'>καιρίων</span> <span class='ocrx_word' id='word_1_122' title='bbox 1091 2208 1170 2257; x_wconf 81' lang='grc' dir='ltr'>δεῖ</span> <span class='ocrx_word' id='word_1_123' title='bbox 1205 2206 1302 2256; x_wconf 91' lang='grc' dir='ltr'>τὸν</span> <span class='ocrx_word' id='word_1_124' title='bbox 1341 2207 1599 2270; x_wconf 81' lang='grc' dir='ltr'>φιλοῦντα</span> <span class='ocrx_word' id='word_1_125' title='bbox 1640 2204 1940 2269; x_wconf 86' lang='grc' dir='ltr'>φροντίζειν</span> <span class='ocrx_word' id='word_1_126' title='bbox 2281 2217 2307 2255; x_wconf 84' lang='grc'>5</span> 
     </span>
     <span class='ocr_line' id='line_1_22' title="bbox 599 2290 1797 2356; baseline -0.001 -14"><span class='ocrx_word' id='word_1_127' title='bbox 599 2292 680 2342; x_wconf 85' lang='grc' dir='ltr'>καὶ</span> <span class='ocrx_word' id='word_1_128' title='bbox 720 2290 1127 2356; x_wconf 88' lang='grc' dir='ltr'>ςυμφερόντων·</span> <span class='ocrx_word' id='word_1_129' title='bbox 1168 2290 1232 2342; x_wconf 85' lang='grc' dir='ltr'>οὐ</span> <span class='ocrx_word' id='word_1_130' title='bbox 1271 2291 1372 2354; x_wconf 86' lang='grc' dir='ltr'>γὰρ</span> <span class='ocrx_word' id='word_1_131' title='bbox 1413 2290 1573 2342; x_wconf 81' lang='grc' dir='ltr'>οὐδὲν</span> <span class='ocrx_word' id='word_1_132' title='bbox 1613 2290 1797 2353; x_wconf 85' lang='grc' dir='ltr'>ὠνήςει</span> 
     </span>
     <span class='ocr_line' id='line_1_23' title="bbox 596 2375 1820 2443; baseline -0.002 -14"><span class='ocrx_word' id='word_1_133' title='bbox 596 2378 787 2441; x_wconf 93' lang='grc' dir='ltr'>κόςμος</span> <span class='ocrx_word' id='word_1_134' title='bbox 824 2378 920 2429; x_wconf 90' lang='grc' dir='ltr'>τὸν</span> <span class='ocrx_word' id='word_1_135' title='bbox 959 2376 1300 2440; x_wconf 91' lang='grc' dir='ltr'>ἀπορήςαντα</span> <span class='ocrx_word' id='word_1_136' title='bbox 1336 2379 1445 2428; x_wconf 85' lang='grc' dir='ltr'>τῶν</span> <span class='ocrx_word' id='word_1_137' title='bbox 1484 2375 1820 2443; x_wconf 68' lang='grc' dir='ltr'>ἀναγκαίων]</span> 
     </span>
     <span class='ocr_line' id='line_1_24' title="bbox 425 2459 2306 2534; baseline -0.001 -13"><span class='ocrx_word' id='word_1_138' title='bbox 425 2469 484 2521; x_wconf 90' lang='grc' dir='ltr'>Ὁ</span> <span class='ocrx_word' id='word_1_139' title='bbox 522 2471 708 2533; x_wconf 87' lang='grc' dir='ltr'>παρὼν</span> <span class='ocrx_word' id='word_1_140' title='bbox 747 2469 1021 2534; x_wconf 82' lang='grc' dir='ltr'>ῥηθήςεται</span> <span class='ocrx_word' id='word_1_141' title='bbox 1059 2459 1217 2532; x_wconf 83' lang='grc' dir='ltr'>λόγος</span> <span class='ocrx_word' id='word_1_142' title='bbox 1254 2469 1389 2533; x_wconf 89' lang='grc' dir='ltr'>πρὸς</span> <span class='ocrx_word' id='word_1_143' title='bbox 1427 2468 1552 2520; x_wconf 85' lang='grc' dir='ltr'>τοὺς</span> <span class='ocrx_word' id='word_1_144' title='bbox 1580 2469 1696 2520; x_wconf 90' lang='grc' dir='ltr'>ἀντὶ</span> <span class='ocrx_word' id='word_1_145' title='bbox 1733 2467 2034 2530; x_wconf 91' lang='grc' dir='ltr'>ἀναγκαίων</span> <span class='ocrx_word' id='word_1_146' title='bbox 2071 2467 2306 2532; x_wconf 87' lang='grc' dir='ltr'>πραγμά-</span> 
     </span>
     <span class='ocr_line' id='line_1_25' title="bbox 256 2555 1708 2619; baseline 0 -13"><span class='ocrx_word' id='word_1_147' title='bbox 256 2572 366 2606; x_wconf 87' lang='grc' dir='ltr'>των</span> <span class='ocrx_word' id='word_1_148' title='bbox 404 2558 513 2607; x_wconf 87' lang='grc' dir='ltr'>τοῑς</span> <span class='ocrx_word' id='word_1_149' title='bbox 551 2555 728 2617; x_wconf 89' lang='grc' dir='ltr'>λόγοις</span> <span class='ocrx_word' id='word_1_150' title='bbox 765 2555 947 2619; x_wconf 89' lang='grc' dir='ltr'>μόνοις</span> <span class='ocrx_word' id='word_1_151' title='bbox 985 2556 1110 2607; x_wconf 83' lang='grc' dir='ltr'>τοὺς</span> <span class='ocrx_word' id='word_1_152' title='bbox 1147 2556 1308 2607; x_wconf 87' lang='grc' dir='ltr'>πέλας</span> <span class='ocrx_word' id='word_1_153' title='bbox 1347 2555 1708 2607; x_wconf 85' lang='grc' dir='ltr'>ἀπαντῶντας.</span> 
     </span>
    </p>
   </div>
   <div class='ocr_carea' id='block_1_6' title="bbox 375 2672 596 2677">
    <p class='ocr_par' dir='ltr' id='par_1_6' title="bbox 375 2672 596 2677">
     <span class='ocr_line' id='line_1_26' title="bbox 375 2672 596 2677; baseline 0 0"><span class='ocrx_word' id='word_1_154' title='bbox 375 2672 596 2677; x_wconf 95' lang='lat' dir='ltr'> </span> 
     </span>
    </p>
   </div>
   <div class='ocr_carea' id='block_1_7' title="bbox 253 2710 2306 3108">
    <p class='ocr_par' dir='ltr' id='par_1_7' title="bbox 253 2710 2306 3107">
     <span class='ocr_line' id='line_1_27' title="bbox 424 2710 2261 2767; baseline -0.001 -11"><span class='ocrx_word' id='word_1_155' title='bbox 424 2712 485 2756; x_wconf 85' lang='grc'>82</span> <span class='ocrx_word' id='word_1_156' title='bbox 516 2712 551 2756; x_wconf 93' lang='grc' dir='ltr'>Α</span> <span class='ocrx_word' id='word_1_157' title='bbox 585 2715 671 2752; x_wconf 83' lang='grc'>1-</span> <span class='ocrx_word' id='word_1_158' title='bbox 684 2714 709 2751; x_wconf 81' lang='grc'>2</span> <span class='ocrx_word' id='word_1_159' title='bbox 742 2710 1080 2766; x_wconf 75' lang='grc' dir='ltr'>(φριξότριχα),</span> <span class='ocrx_word' id='word_1_160' title='bbox 1122 2713 1268 2761; x_wconf 85' lang='lat' dir='ltr'><strong>3(ter</strong></span> <span class='ocrx_word' id='word_1_161' title='bbox 1305 2711 1604 2767; x_wconf 82' lang='grc' dir='ltr'>φριξότριχα,</span> <span class='ocrx_word' id='word_1_162' title='bbox 1648 2711 1864 2766; x_wconf 82' lang='grc' dir='ltr'>ἔκθορεν,</span> <span class='ocrx_word' id='word_1_163' title='bbox 1905 2711 2136 2764; x_wconf 85' lang='grc' dir='ltr'>φωλάδι),</span> <span class='ocrx_word' id='word_1_164' title='bbox 2177 2714 2261 2753; x_wconf 91' lang='grc'>6-</span> 
     </span>
     <span class='ocr_line' id='line_1_28' title="bbox 256 2767 2306 2824; baseline -0 -12"><span class='ocrx_word' id='word_1_165' title='bbox 256 2770 584 2821; x_wconf 77' lang='grc' dir='ltr'>(παλαμναῖος)</span> <span class='ocrx_word' id='word_1_166' title='bbox 619 2767 649 2813; x_wconf 90' lang='grc'>8</span> <span class='ocrx_word' id='word_1_167' title='bbox 684 2769 782 2812; x_wconf 82' lang='lat'>865</span> <span class='ocrx_word' id='word_1_168' title='bbox 816 2769 908 2811; x_wconf 65' lang='lat'>595</span> <span class='ocrx_word' id='word_1_169' title='bbox 938 2786 995 2805; x_wconf 94' lang='lat'><strong><em>=</em></strong></span> <span class='ocrx_word' id='word_1_170' title='bbox 1027 2767 1056 2812; x_wconf 81' lang='lat' dir='ltr'>C</span> <span class='ocrx_word' id='word_1_171' title='bbox 1088 2783 1128 2822; x_wconf 85' lang='lat' dir='ltr'>p.</span> <span class='ocrx_word' id='word_1_172' title='bbox 1151 2771 1235 2810; x_wconf 83' lang='lat'>374</span> <span class='ocrx_word' id='word_1_173' title='bbox 1266 2786 1319 2804; x_wconf 91' lang='lat'><strong><em>=</em></strong></span> <span class='ocrx_word' id='word_1_174' title='bbox 1350 2771 1461 2823; x_wconf 86' lang='lat' dir='ltr'><strong>Aug.</strong></span> <span class='ocrx_word' id='word_1_175' title='bbox 1485 2773 1565 2810; x_wconf 87' lang='lat'>144</span> <span class='ocrx_word' id='word_1_176' title='bbox 1596 2768 1818 2814; x_wconf 76' lang='grc' dir='ltr'>ῦ2181-3</span> <span class='ocrx_word' id='word_1_177' title='bbox 1861 2788 1919 2798; x_wconf 91' lang='grc'>-</span> <span class='ocrx_word' id='word_1_178' title='bbox 1965 2770 1990 2808; x_wconf 83' lang='lat'>2</span> <span class='ocrx_word' id='word_1_179' title='bbox 2019 2768 2241 2824; x_wconf 85' lang='grc' dir='ltr'>διέδραμε</span> <span class='ocrx_word' id='word_1_180' title='bbox 2271 2769 2306 2811; x_wconf 87' lang='grc' dir='ltr'>Α</span> 
     </span>
     <span class='ocr_line' id='line_1_29' title="bbox 255 2782 2304 2880; baseline 0.001 -14"><span class='ocrx_word' id='word_1_181' title='bbox 255 2829 281 2866; x_wconf 89' lang='lat'><strong>3</strong></span> <span class='ocrx_word' id='word_1_182' title='bbox 313 2825 476 2880; x_wconf 78' lang='grc' dir='ltr'>ἔκθορε</span> <span class='ocrx_word' id='word_1_183' title='bbox 507 2825 539 2870; x_wconf 84' lang='grc'>8</span> <span class='ocrx_word' id='word_1_184' title='bbox 573 2826 671 2878; x_wconf 84' lang='lat' dir='ltr'>(ter)</span> <span class='ocrx_word' id='word_1_185' title='bbox 770 2822 931 2878; x_wconf 89' lang='grc' dir='ltr'>κοίτης</span> <span class='ocrx_word' id='word_1_186' title='bbox 961 2826 995 2869; x_wconf 89' lang='grc' dir='ltr'>Α</span> <span class='ocrx_word' id='word_1_187' title='bbox 1018 2825 1049 2870; x_wconf 85' lang='grc'>8</span> <span class='ocrx_word' id='word_1_188' title='bbox 1081 2826 1193 2878; x_wconf 84' lang='lat' dir='ltr'>(cod.</span> <span class='ocrx_word' id='word_1_189' title='bbox 1229 2826 1340 2869; x_wconf 73' lang='grc' dir='ltr'>Ε..</span> <span class='ocrx_word' id='word_1_190' title='bbox 1290 2843 1341 2849; x_wconf 91' lang='grc'>-</span> <span class='ocrx_word' id='word_1_191' title='bbox 1366 2827 1665 2867; x_wconf 81' lang='lat' dir='ltr'>Bruxellensis</span> <span class='ocrx_word' id='word_1_192' title='bbox 1695 2828 1742 2867; x_wconf 87' lang='lat' dir='ltr'>in</span> <span class='ocrx_word' id='word_1_193' title='bbox 1770 2839 1812 2868; x_wconf 81' lang='lat' dir='ltr'>v.</span> <span class='ocrx_word' id='word_1_194' title='bbox 1845 2823 2047 2879; x_wconf 85' lang='grc' dir='ltr'>ἔκθορε)]</span> <span class='ocrx_word' id='word_1_195' title='bbox 2080 2782 2242 2878; x_wconf 81' lang='grc' dir='ltr'>κοίλης</span> <span class='ocrx_word' id='word_1_196' title='bbox 2272 2822 2304 2869; x_wconf 85' lang='lat' dir='ltr'>S</span> 
     </span>
     <span class='ocr_line' id='line_1_30' title="bbox 254 2880 2305 2938; baseline 0.001 -15"><span class='ocrx_word' id='word_1_197' title='bbox 254 2884 355 2923; x_wconf 88' lang='lat' dir='ltr'>libri</span> <span class='ocrx_word' id='word_1_198' title='bbox 385 2884 543 2936; x_wconf 84' lang='lat' dir='ltr'>reliqui</span> <span class='ocrx_word' id='word_1_199' title='bbox 660 2884 685 2922; x_wconf 84' lang='lat'>5</span> <span class='ocrx_word' id='word_1_200' title='bbox 717 2880 898 2936; x_wconf 89' lang='grc' dir='ltr'>θηρίων</span> <span class='ocrx_word' id='word_1_201' title='bbox 928 2883 1239 2936; x_wconf 84' lang='grc' dir='ltr'>τυραννεύων</span> <span class='ocrx_word' id='word_1_202' title='bbox 1273 2882 1345 2937; x_wconf 60' lang='lat' dir='ltr'>U]</span> <span class='ocrx_word' id='word_1_203' title='bbox 1384 2883 1643 2936; x_wconf 90' lang='grc' dir='ltr'>βαςιλεύων</span> <span class='ocrx_word' id='word_1_204' title='bbox 1674 2881 1855 2938; x_wconf 88' lang='grc' dir='ltr'>θηρίων</span> <span class='ocrx_word' id='word_1_205' title='bbox 1885 2881 1921 2926; x_wconf 86' lang='grc' dir='ltr'>Α</span> <span class='ocrx_word' id='word_1_206' title='bbox 2039 2885 2066 2924; x_wconf 89' lang='grc'><strong>6</strong></span> <span class='ocrx_word' id='word_1_207' title='bbox 2095 2883 2126 2936; x_wconf 91' lang='grc' dir='ltr'>ἡ</span> <span class='ocrx_word' id='word_1_208' title='bbox 2159 2884 2305 2926; x_wconf 88' lang='grc' dir='ltr'>παλα-</span> 
     </span>
     <span class='ocr_line' id='line_1_31' title="bbox 258 2934 2304 3008; baseline 0 -26"><span class='ocrx_word' id='word_1_209' title='bbox 258 2937 399 2990; x_wconf 84' lang='grc' dir='ltr'>μναία</span> <span class='ocrx_word' id='word_1_210' title='bbox 431 2938 463 3008; x_wconf 84' lang='grc'>8</span> <span class='ocrx_word' id='word_1_211' title='bbox 569 2941 592 2979; x_wconf 87' lang='grc'>7</span> <span class='ocrx_word' id='word_1_212' title='bbox 625 2938 770 2992; x_wconf 88' lang='grc' dir='ltr'>δορὰν</span> <span class='ocrx_word' id='word_1_213' title='bbox 802 2938 833 2982; x_wconf 93' lang='grc'>8</span> <span class='ocrx_word' id='word_1_214' title='bbox 923 2938 1051 2993; x_wconf 87' lang='grc' dir='ltr'>κνίςῃ</span> <span class='ocrx_word' id='word_1_215' title='bbox 1085 2939 1137 2993; x_wconf 95' lang='lat' dir='ltr'>A]</span> <span class='ocrx_word' id='word_1_216' title='bbox 1172 2940 1304 2981; x_wconf 89' lang='grc' dir='ltr'>δάκοι</span> <span class='ocrx_word' id='word_1_217' title='bbox 1337 2940 1474 2994; x_wconf 86' lang='grc' dir='ltr'>(δάκῃ</span> <span class='ocrx_word' id='word_1_218' title='bbox 1508 2942 1593 2982; x_wconf 92' lang='lat' dir='ltr'>duo</span> <span class='ocrx_word' id='word_1_219' title='bbox 1619 2941 1737 2990; x_wconf 84' lang='lat' dir='ltr'>libri)</span> <span class='ocrx_word' id='word_1_220' title='bbox 1769 2940 1801 2984; x_wconf 88' lang='grc'>8</span> <span class='ocrx_word' id='word_1_221' title='bbox 1905 2942 1932 2981; x_wconf 87' lang='grc'>8</span> <span class='ocrx_word' id='word_1_222' title='bbox 1961 2934 2112 2994; x_wconf 83' lang='grc' dir='ltr'>κακὴν</span> <span class='ocrx_word' id='word_1_223' title='bbox 2144 2939 2196 2984; x_wconf 83' lang='grc' dir='ltr'>δὲ</span> <span class='ocrx_word' id='word_1_224' title='bbox 2230 2953 2304 2992; x_wconf 83' lang='grc' dir='ltr'>με·</span> 
     </span>
     <span class='ocr_line' id='line_1_32' title="bbox 253 2995 2305 3050; baseline 0 -12"><span class='ocrx_word' id='word_1_225' title='bbox 253 2995 397 3049; x_wconf 87' lang='grc' dir='ltr'>λέτην</span> <span class='ocrx_word' id='word_1_226' title='bbox 437 2995 508 3038; x_wconf 79' lang='grc' dir='ltr'>ἐπ’</span> <span class='ocrx_word' id='word_1_227' title='bbox 539 2995 619 3047; x_wconf 80' lang='grc' dir='ltr'>εμὲ</span> <span class='ocrx_word' id='word_1_228' title='bbox 650 2998 737 3048; x_wconf 89' lang='grc' dir='ltr'>τῆς</span> <span class='ocrx_word' id='word_1_229' title='bbox 768 2996 882 3037; x_wconf 91' lang='grc' dir='ltr'>ὁδοῦ</span> <span class='ocrx_word' id='word_1_230' title='bbox 915 2995 1061 3050; x_wconf 88' lang='grc' dir='ltr'>τρίβει</span> <span class='ocrx_word' id='word_1_231' title='bbox 1092 2997 1125 3039; x_wconf 95' lang='grc' dir='ltr'>Α</span> <span class='ocrx_word' id='word_1_232' title='bbox 1163 2996 1279 3038; x_wconf 89' lang='grc' dir='ltr'>ἀλλὰ</span> <span class='ocrx_word' id='word_1_233' title='bbox 1310 2998 1401 3050; x_wconf 86' lang='grc' dir='ltr'>τὴν</span> <span class='ocrx_word' id='word_1_234' title='bbox 1440 2998 1592 3050; x_wconf 88' lang='grc' dir='ltr'>κακὴν</span> <span class='ocrx_word' id='word_1_235' title='bbox 1633 2997 1747 3039; x_wconf 90' lang='grc' dir='ltr'>ὁδὸν</span> <span class='ocrx_word' id='word_1_236' title='bbox 1787 2998 1863 3039; x_wconf 88' lang='grc' dir='ltr'>καὶ</span> <span class='ocrx_word' id='word_1_237' title='bbox 1904 2995 2155 3050; x_wconf 88' lang='grc' dir='ltr'>ςυνήθειαν</span> <span class='ocrx_word' id='word_1_238' title='bbox 2194 2995 2305 3039; x_wconf 89' lang='grc' dir='ltr'>ἀνα-</span> 
     </span>
     <span class='ocr_line' id='line_1_33' title="bbox 254 3051 2305 3108; baseline 0 -14"><span class='ocrx_word' id='word_1_239' title='bbox 254 3053 416 3096; x_wconf 90' lang='grc' dir='ltr'>κόπτω</span> <span class='ocrx_word' id='word_1_240' title='bbox 441 3051 712 3105; x_wconf 85' lang='grc' dir='ltr'>(ἀνατρέπω</span> <span class='ocrx_word' id='word_1_241' title='bbox 738 3051 815 3102; x_wconf 75' lang='lat'>(21)</span> <span class='ocrx_word' id='word_1_242' title='bbox 841 3053 872 3095; x_wconf 91' lang='grc' dir='ltr'><strong><em>Β</em></strong></span> <span class='ocrx_word' id='word_1_243' title='bbox 892 3051 922 3096; x_wconf 82' lang='lat' dir='ltr'><strong>G</strong></span> <span class='ocrx_word' id='word_1_244' title='bbox 953 3053 1008 3095; x_wconf 86' lang='grc' dir='ltr'>οὐ</span> <span class='ocrx_word' id='word_1_245' title='bbox 1034 3056 1124 3104; x_wconf 90' lang='grc' dir='ltr'>μῦν</span> <span class='ocrx_word' id='word_1_246' title='bbox 1154 3056 1402 3105; x_wconf 85' lang='grc' dir='ltr'>πτοοῦμαι,</span> <span class='ocrx_word' id='word_1_247' title='bbox 1433 3055 1523 3107; x_wconf 87' lang='grc' dir='ltr'>τὴν</span> <span class='ocrx_word' id='word_1_248' title='bbox 1546 3054 1659 3096; x_wconf 86' lang='grc' dir='ltr'>ὁδὸν</span> <span class='ocrx_word' id='word_1_249' title='bbox 1683 3054 1721 3095; x_wconf 81' lang='grc' dir='ltr'>δ’</span> <span class='ocrx_word' id='word_1_250' title='bbox 1743 3052 1997 3108; x_wconf 85' lang='grc' dir='ltr'>ἀνατρέπω</span> <span class='ocrx_word' id='word_1_251' title='bbox 2021 3054 2305 3099; x_wconf 78' lang='lat' dir='ltr'><strong>tetrastichon</strong></span> 
     </span>
    </p>
   </div>
   <div class='ocr_carea' id='block_1_8' title="bbox 255 3068 2306 3292">
    <p class='ocr_par' dir='ltr' id='par_1_8' title="bbox 255 3068 2306 3278">
     <span class='ocr_line' id='line_1_34' title="bbox 255 3068 2306 3175; baseline 0 -24"><span class='ocrx_word' id='word_1_252' title='bbox 255 3109 371 3152; x_wconf 87' lang='grc' dir='ltr'>ἀλλὰ</span> <span class='ocrx_word' id='word_1_253' title='bbox 403 3107 524 3151; x_wconf 90' lang='grc' dir='ltr'>κατὰ</span> <span class='ocrx_word' id='word_1_254' title='bbox 554 3111 641 3162; x_wconf 87' lang='grc' dir='ltr'>τῆς</span> <span class='ocrx_word' id='word_1_255' title='bbox 672 3110 869 3162; x_wconf 86' lang='grc' dir='ltr'>γνώμης</span> <span class='ocrx_word' id='word_1_256' title='bbox 901 3109 1048 3151; x_wconf 86' lang='grc' dir='ltr'>αὐτοῦ</span> <span class='ocrx_word' id='word_1_257' title='bbox 1088 3110 1179 3163; x_wconf 84' lang='grc' dir='ltr'>τὴν</span> <span class='ocrx_word' id='word_1_258' title='bbox 1219 3111 1368 3164; x_wconf 86' lang='grc' dir='ltr'>ὀργὴν</span> <span class='ocrx_word' id='word_1_259' title='bbox 1406 3110 1498 3164; x_wconf 80' lang='grc' dir='ltr'>ἔχω</span> <span class='ocrx_word' id='word_1_260' title='bbox 1532 3111 1562 3156; x_wconf 82' lang='lat' dir='ltr'><strong>G</strong></span> <span class='ocrx_word' id='word_1_261' title='bbox 1593 3126 1635 3165; x_wconf 91' lang='lat' dir='ltr'>p.</span> <span class='ocrx_word' id='word_1_262' title='bbox 1669 3113 1753 3151; x_wconf 83' lang='lat'>374</span> <span class='ocrx_word' id='word_1_263' title='bbox 1782 3068 1894 3166; x_wconf 85' lang='lat' dir='ltr'>Aug.</span> <span class='ocrx_word' id='word_1_264' title='bbox 2043 3111 2154 3175; x_wconf 62' lang='lat'>[9--3-</span> <span class='ocrx_word' id='word_1_265' title='bbox 2162 3109 2262 3170; x_wconf 92' lang='grc'>11]</span> <span class='ocrx_word' id='word_1_266' title='bbox 2277 3110 2306 3154; x_wconf 89' lang='grc' dir='ltr'>Ι..</span> 
     </span>
     <span class='ocr_line' id='line_1_35' title="bbox 259 3166 1287 3218; baseline 0.001 -12"><span class='ocrx_word' id='word_1_267' title='bbox 259 3169 309 3206; x_wconf 89' lang='grc'>11</span> <span class='ocrx_word' id='word_1_268' title='bbox 342 3166 461 3209; x_wconf 84' lang='grc' dir='ltr'>εἶναι</span> <span class='ocrx_word' id='word_1_269' title='bbox 493 3166 691 3209; x_wconf 90' lang='grc' dir='ltr'>ςεαυτὸν</span> <span class='ocrx_word' id='word_1_270' title='bbox 722 3180 786 3218; x_wconf 87' lang='lat' dir='ltr'>pr.</span> <span class='ocrx_word' id='word_1_271' title='bbox 809 3167 866 3218; x_wconf 82' lang='lat' dir='ltr'>A3</span> <span class='ocrx_word' id='word_1_272' title='bbox 898 3170 1084 3207; x_wconf 81' lang='lat' dir='ltr'>correxit</span> <span class='ocrx_word' id='word_1_273' title='bbox 1114 3181 1170 3209; x_wconf 85' lang='lat' dir='ltr'>m.</span> <span class='ocrx_word' id='word_1_274' title='bbox 1202 3174 1287 3208; x_wconf 83' lang='lat' dir='ltr'><strong>ant.</strong></span> 
     </span>
     <span class='ocr_line' id='line_1_36' title="bbox 427 3221 2303 3292; baseline -0.001 -25"><span class='ocrx_word' id='word_1_275' title='bbox 427 3223 488 3267; x_wconf 86' lang='lat'>83</span> <span class='ocrx_word' id='word_1_276' title='bbox 518 3223 552 3266; x_wconf 87' lang='lat' dir='ltr'>A</span> <span class='ocrx_word' id='word_1_277' title='bbox 584 3222 681 3266; x_wconf 80' lang='lat' dir='ltr'>V68</span> <span class='ocrx_word' id='word_1_278' title='bbox 722 3223 906 3274; x_wconf 84' lang='lat' dir='ltr'>(Knoell</span> <span class='ocrx_word' id='word_1_279' title='bbox 930 3238 972 3277; x_wconf 89' lang='lat' dir='ltr'>p.</span> <span class='ocrx_word' id='word_1_280' title='bbox 1005 3226 1103 3274; x_wconf 87' lang='lat'><strong>674)</strong></span> <span class='ocrx_word' id='word_1_281' title='bbox 1139 3225 1237 3292; x_wconf 79' lang='grc' dir='ltr'>Β67</span> <span class='ocrx_word' id='word_1_282' title='bbox 1282 3244 1341 3253; x_wconf 93' lang='lat'>—</span> <span class='ocrx_word' id='word_1_283' title='bbox 1391 3227 1479 3264; x_wconf 89' lang='lat'>1——</span> <span class='ocrx_word' id='word_1_284' title='bbox 1491 3228 1516 3265; x_wconf 81' lang='lat'><strong>2</strong></span> <span class='ocrx_word' id='word_1_285' title='bbox 1548 3228 1718 3266; x_wconf 86' lang='lat' dir='ltr'><strong>restitui</strong></span> <span class='ocrx_word' id='word_1_286' title='bbox 1751 3225 1784 3269; x_wconf 86' lang='grc' dir='ltr'><strong>Β</strong></span> <span class='ocrx_word' id='word_1_287' title='bbox 1815 3226 2099 3278; x_wconf 81' lang='lat' dir='ltr'><strong>potissimum·</strong></span> <span class='ocrx_word' id='word_1_288' title='bbox 2127 3221 2303 3265; x_wconf 65' lang='lat' dir='ltr'>sentitus</span> 
     </span>
    </p>
   </div>
   <div class='ocr_carea' id='block_1_9' title="bbox 253 3279 2303 3846">
    <p class='ocr_par' dir='ltr' id='par_1_9' title="bbox 253 3279 2303 3846">
     <span class='ocr_line' id='line_1_37' title="bbox 255 3279 2303 3334; baseline 0.002 -15"><span class='ocrx_word' id='word_1_289' title='bbox 255 3280 423 3329; x_wconf 79' lang='lat' dir='ltr'>ducem,</span> <span class='ocrx_word' id='word_1_290' title='bbox 456 3281 530 3333; x_wconf 92' lang='lat' dir='ltr'>qui</span> <span class='ocrx_word' id='word_1_291' title='bbox 559 3279 712 3320; x_wconf 84' lang='lat' dir='ltr'><strong>habet·</strong></span> <span class='ocrx_word' id='word_1_292' title='bbox 743 3280 908 3334; x_wconf 87' lang='grc' dir='ltr'>κριθὴν</span> <span class='ocrx_word' id='word_1_293' title='bbox 938 3280 1030 3332; x_wconf 88' lang='grc' dir='ltr'>τὴν</span> <span class='ocrx_word' id='word_1_294' title='bbox 1059 3283 1146 3323; x_wconf 89' lang='grc' dir='ltr'>τοῦ</span> <span class='ocrx_word' id='word_1_295' title='bbox 1177 3279 1320 3324; x_wconf 75' lang='grc' dir='ltr'>ἵππου</span> <span class='ocrx_word' id='word_1_296' title='bbox 1355 3283 1380 3324; x_wconf 91' lang='grc' dir='ltr'>ὁ</span> <span class='ocrx_word' id='word_1_297' title='bbox 1412 3279 1740 3334; x_wconf 86' lang='grc' dir='ltr'>ἱπποκόμος</span> <span class='ocrx_word' id='word_1_298' title='bbox 1771 3281 2041 3324; x_wconf 82' lang='grc' dir='ltr'>κλέπτων</span> <span class='ocrx_word' id='word_1_299' title='bbox 2071 3281 2167 3323; x_wconf 83' lang='grc' dir='ltr'>καὶ</span> <span class='ocrx_word' id='word_1_300' title='bbox 2197 3294 2303 3323; x_wconf 89' lang='grc' dir='ltr'>πω-</span> 
     </span>
     <span class='ocr_line' id='line_1_38' title="bbox 255 3334 2301 3393; baseline 0 -15"><span class='ocrx_word' id='word_1_301' title='bbox 255 3338 370 3378; x_wconf 86' lang='grc' dir='ltr'>λῶν</span> <span class='ocrx_word' id='word_1_302' title='bbox 401 3336 503 3378; x_wconf 87' lang='grc' dir='ltr'>τὸν</span> <span class='ocrx_word' id='word_1_303' title='bbox 532 3334 711 3378; x_wconf 79' lang='grc' dir='ltr'>ἵππον</span> <span class='ocrx_word' id='word_1_304' title='bbox 743 3336 939 3390; x_wconf 80' lang='grc' dir='ltr'>ἔτριβεν,</span> <span class='ocrx_word' id='word_1_305' title='bbox 972 3336 1274 3381; x_wconf 81' lang='grc' dir='ltr'>ἐκτένιζεν</span> <span class='ocrx_word' id='word_1_306' title='bbox 1305 3342 1494 3381; x_wconf 88' lang='grc' dir='ltr'>πᾶςαν</span> <span class='ocrx_word' id='word_1_307' title='bbox 1525 3337 1772 3393; x_wconf 85' lang='grc' dir='ltr'>ἡμέραν]</span> <span class='ocrx_word' id='word_1_308' title='bbox 1805 3338 2033 3393; x_wconf 88' lang='grc' dir='ltr'>κριθάς</span> <span class='ocrx_word' id='word_1_309' title='bbox 2038 3350 2129 3381; x_wconf 82' lang='grc' dir='ltr'>τις</span> <span class='ocrx_word' id='word_1_310' title='bbox 2157 3335 2301 3380; x_wconf 86' lang='grc' dir='ltr'>ἵππου</span> 
     </span>
     <span class='ocr_line' id='line_1_39' title="bbox 254 3383 2303 3449; baseline 0.001 -15"><span class='ocrx_word' id='word_1_311' title='bbox 254 3391 415 3444; x_wconf 80' lang='grc' dir='ltr'>(ἵππου</span> <span class='ocrx_word' id='word_1_312' title='bbox 456 3405 526 3435; x_wconf 88' lang='grc' dir='ltr'>τις</span> <span class='ocrx_word' id='word_1_313' title='bbox 563 3392 722 3447; x_wconf 87' lang='grc' dir='ltr'>κριθὰς</span> <span class='ocrx_word' id='word_1_314' title='bbox 753 3393 801 3442; x_wconf 83' lang='lat' dir='ltr'>V)</span> <span class='ocrx_word' id='word_1_315' title='bbox 843 3395 1031 3435; x_wconf 89' lang='grc' dir='ltr'>πᾶςαν</span> <span class='ocrx_word' id='word_1_316' title='bbox 1072 3392 1300 3447; x_wconf 81' lang='grc' dir='ltr'>ἡμέραν</span> <span class='ocrx_word' id='word_1_317' title='bbox 1341 3394 1558 3449; x_wconf 86' lang='grc' dir='ltr'>(ἑςπέραν</span> <span class='ocrx_word' id='word_1_318' title='bbox 1588 3395 1636 3447; x_wconf 85' lang='lat' dir='ltr'>V)</span> <span class='ocrx_word' id='word_1_319' title='bbox 1676 3394 1830 3445; x_wconf 90' lang='grc' dir='ltr'>πίνων</span> <span class='ocrx_word' id='word_1_320' title='bbox 1868 3395 1949 3449; x_wconf 78' lang='lat'>(2)</span> <span class='ocrx_word' id='word_1_321' title='bbox 1961 3383 2142 3448; x_wconf 83' lang='grc' dir='ltr'>ἔτριβεν</span> <span class='ocrx_word' id='word_1_322' title='bbox 2174 3394 2303 3448; x_wconf 84' lang='grc' dir='ltr'>(ἔψυ-</span> 
     </span>
     <span class='ocr_line' id='line_1_40' title="bbox 253 3448 2302 3505; baseline 0 -14"><span class='ocrx_word' id='word_1_323' title='bbox 253 3462 334 3502; x_wconf 91' lang='grc' dir='ltr'>χεν</span> <span class='ocrx_word' id='word_1_324' title='bbox 366 3449 415 3502; x_wconf 83' lang='lat' dir='ltr'>V)</span> <span class='ocrx_word' id='word_1_325' title='bbox 448 3449 747 3493; x_wconf 81' lang='grc' dir='ltr'>ἑκτένιζεν</span> <span class='ocrx_word' id='word_1_326' title='bbox 778 3449 929 3503; x_wconf 87' lang='grc' dir='ltr'>ἡμέρῃ</span> <span class='ocrx_word' id='word_1_327' title='bbox 962 3451 1082 3505; x_wconf 90' lang='grc' dir='ltr'>πάςῃ</span> <span class='ocrx_word' id='word_1_328' title='bbox 1115 3451 1198 3494; x_wconf 84' lang='lat' dir='ltr'>AV</span> <span class='ocrx_word' id='word_1_329' title='bbox 1234 3454 1347 3492; x_wconf 84' lang='lat' dir='ltr'>inter</span> <span class='ocrx_word' id='word_1_330' title='bbox 1377 3451 1520 3495; x_wconf 89' lang='grc' dir='ltr'>ι’ππου</span> <span class='ocrx_word' id='word_1_331' title='bbox 1555 3458 1597 3493; x_wconf 90' lang='lat' dir='ltr'>et</span> <span class='ocrx_word' id='word_1_332' title='bbox 1625 3455 1777 3495; x_wconf 89' lang='grc' dir='ltr'>πᾶςαν</span> <span class='ocrx_word' id='word_1_333' title='bbox 1809 3448 1895 3493; x_wconf 80' lang='grc' dir='ltr'>(Ϊιιο</span> <span class='ocrx_word' id='word_1_334' title='bbox 1926 3451 2226 3492; x_wconf 79' lang='lat' dir='ltr'><strong>hemistichia</strong></span> <span class='ocrx_word' id='word_1_335' title='bbox 2233 3465 2302 3492; x_wconf 85' lang='lat' dir='ltr'>ex-</span> 
     </span>
     <span class='ocr_line' id='line_1_41' title="bbox 254 3497 2301 3563; baseline 0.001 -17"><span class='ocrx_word' id='word_1_336' title='bbox 254 3506 415 3546; x_wconf 82' lang='lat' dir='ltr'><strong>cidisse</strong></span> <span class='ocrx_word' id='word_1_337' title='bbox 445 3507 660 3559; x_wconf 85' lang='lat' dir='ltr'>putabant</span> <span class='ocrx_word' id='word_1_338' title='bbox 689 3507 951 3547; x_wconf 82' lang='lat' dir='ltr'>Duebnerus</span> <span class='ocrx_word' id='word_1_339' title='bbox 993 3513 1035 3548; x_wconf 82' lang='lat' dir='ltr'>et</span> <span class='ocrx_word' id='word_1_340' title='bbox 1064 3509 1311 3549; x_wconf 84' lang='lat' dir='ltr'>Meinekius</span> <span class='ocrx_word' id='word_1_341' title='bbox 1428 3512 1453 3549; x_wconf 88' lang='grc'><strong>3</strong></span> <span class='ocrx_word' id='word_1_342' title='bbox 1485 3508 1555 3551; x_wconf 76' lang='grc' dir='ltr'>ὅδ’</span> <span class='ocrx_word' id='word_1_343' title='bbox 1585 3509 1619 3553; x_wconf 93' lang='grc' dir='ltr'>Α</span> <span class='ocrx_word' id='word_1_344' title='bbox 1738 3509 1846 3563; x_wconf 80' lang='lat'>[5—</span> <span class='ocrx_word' id='word_1_345' title='bbox 1861 3507 1902 3563; x_wconf 87' lang='lat'>7]</span> <span class='ocrx_word' id='word_1_346' title='bbox 1931 3507 2183 3561; x_wconf 80' lang='lat' dir='ltr'>Eberhard3</span> <span class='ocrx_word' id='word_1_347' title='bbox 2219 3497 2301 3549; x_wconf 75' lang='grc' dir='ltr'>11οὲ</span> 
     </span>
     <span class='ocr_line' id='line_1_42' title="bbox 255 3540 2301 3619; baseline 0.001 -17"><span class='ocrx_word' id='word_1_348' title='bbox 255 3575 420 3612; x_wconf 84' lang='lat' dir='ltr'>versus,</span> <span class='ocrx_word' id='word_1_349' title='bbox 454 3565 528 3616; x_wconf 92' lang='lat' dir='ltr'>qui</span> <span class='ocrx_word' id='word_1_350' title='bbox 549 3565 595 3603; x_wconf 90' lang='lat' dir='ltr'>in</span> <span class='ocrx_word' id='word_1_351' title='bbox 615 3563 650 3607; x_wconf 87' lang='grc' dir='ltr'><strong>Α</strong></span> <span class='ocrx_word' id='word_1_352' title='bbox 681 3577 708 3604; x_wconf 83' lang='lat' dir='ltr'>a</span> <span class='ocrx_word' id='word_1_353' title='bbox 730 3564 1029 3616; x_wconf 83' lang='lat' dir='ltr'>superioribus</span> <span class='ocrx_word' id='word_1_354' title='bbox 1059 3566 1258 3605; x_wconf 83' lang='lat' dir='ltr'>versibus</span> <span class='ocrx_word' id='word_1_355' title='bbox 1290 3579 1486 3607; x_wconf 84' lang='lat' dir='ltr'>seorsum</span> <span class='ocrx_word' id='word_1_356' title='bbox 1518 3567 1727 3606; x_wconf 86' lang='lat' dir='ltr'><strong>orationis</strong></span> <span class='ocrx_word' id='word_1_357' title='bbox 1757 3565 1969 3619; x_wconf 79' lang='lat' dir='ltr'>pedestris</span> <span class='ocrx_word' id='word_1_358' title='bbox 1989 3567 2127 3605; x_wconf 81' lang='lat' dir='ltr'><strong>instar</strong></span> <span class='ocrx_word' id='word_1_359' title='bbox 2145 3540 2301 3606; x_wconf 65' lang='lat' dir='ltr'><strong>li’tteris</strong></span> 
     </span>
     <span class='ocr_line' id='line_1_43' title="bbox 253 3620 2302 3676; baseline 0.001 -17"><span class='ocrx_word' id='word_1_360' title='bbox 253 3620 505 3660; x_wconf 84' lang='lat' dir='ltr'>uncialibus</span> <span class='ocrx_word' id='word_1_361' title='bbox 537 3625 668 3673; x_wconf 83' lang='lat' dir='ltr'><strong>atque</strong></span> <span class='ocrx_word' id='word_1_362' title='bbox 698 3622 784 3671; x_wconf 86' lang='lat' dir='ltr'><strong>ita,</strong></span> <span class='ocrx_word' id='word_1_363' title='bbox 823 3624 873 3660; x_wconf 88' lang='lat' dir='ltr'>ut</span> <span class='ocrx_word' id='word_1_364' title='bbox 901 3634 1052 3662; x_wconf 85' lang='lat' dir='ltr'>versus</span> <span class='ocrx_word' id='word_1_365' title='bbox 1084 3622 1363 3663; x_wconf 81' lang='lat' dir='ltr'>choliambici</span> <span class='ocrx_word' id='word_1_366' title='bbox 1402 3637 1490 3664; x_wconf 91' lang='lat' dir='ltr'>non</span> <span class='ocrx_word' id='word_1_367' title='bbox 1529 3628 1790 3676; x_wconf 82' lang='lat' dir='ltr'>appareant,</span> <span class='ocrx_word' id='word_1_368' title='bbox 1830 3623 1979 3676; x_wconf 82' lang='lat' dir='ltr'>scripti</span> <span class='ocrx_word' id='word_1_369' title='bbox 2008 3623 2302 3671; x_wconf 84' lang='lat' dir='ltr'><strong>inveniuntur,</strong></span> 
     </span>
     <span class='ocr_line' id='line_1_44' title="bbox 256 3677 2301 3732; baseline 0.001 -17"><span class='ocrx_word' id='word_1_370' title='bbox 256 3689 354 3716; x_wconf 81' lang='lat' dir='ltr'>eum</span> <span class='ocrx_word' id='word_1_371' title='bbox 385 3677 646 3717; x_wconf 80' lang='lat' dir='ltr'><strong>restituisset</strong></span> <span class='ocrx_word' id='word_1_372' title='bbox 678 3677 834 3728; x_wconf 69' lang='lat' dir='ltr'><strong>Boiss„</strong></span> <span class='ocrx_word' id='word_1_373' title='bbox 875 3681 1097 3730; x_wconf 80' lang='lat' dir='ltr'><strong>tamquam</strong></span> <span class='ocrx_word' id='word_1_374' title='bbox 1139 3680 1424 3731; x_wconf 84' lang='lat' dir='ltr'>epimythium</span> <span class='ocrx_word' id='word_1_375' title='bbox 1454 3693 1587 3732; x_wconf 87' lang='lat' dir='ltr'>prosa</span> <span class='ocrx_word' id='word_1_376' title='bbox 1617 3681 1813 3720; x_wconf 84' lang='lat' dir='ltr'>oratione</span> <span class='ocrx_word' id='word_1_377' title='bbox 1844 3679 2137 3731; x_wconf 81' lang='lat' dir='ltr'>conscriptum</span> <span class='ocrx_word' id='word_1_378' title='bbox 2168 3678 2301 3719; x_wconf 82' lang='lat' dir='ltr'><strong>adno—</strong></span> 
     </span>
     <span class='ocr_line' id='line_1_45' title="bbox 254 3733 2299 3789; baseline 0.001 -17"><span class='ocrx_word' id='word_1_379' title='bbox 254 3734 411 3773; x_wconf 87' lang='lat' dir='ltr'><strong>tationi</strong></span> <span class='ocrx_word' id='word_1_380' title='bbox 445 3734 621 3773; x_wconf 77' lang='lat' dir='ltr'><strong>criticae</strong></span> <span class='ocrx_word' id='word_1_381' title='bbox 651 3735 835 3774; x_wconf 86' lang='lat' dir='ltr'><strong>inseruit</strong></span> <span class='ocrx_word' id='word_1_382' title='bbox 866 3733 894 3777; x_wconf 93' lang='grc' dir='ltr'>Ι.</span> <span class='ocrx_word' id='word_1_383' title='bbox 984 3736 1008 3774; x_wconf 92' lang='grc'><strong>6</strong></span> <span class='ocrx_word' id='word_1_384' title='bbox 1031 3734 1085 3776; x_wconf 84' lang='grc' dir='ltr'>οὐ</span> <span class='ocrx_word' id='word_1_385' title='bbox 1117 3734 1208 3788; x_wconf 87' lang='grc' dir='ltr'>γὰρ</span> <span class='ocrx_word' id='word_1_386' title='bbox 1233 3734 1283 3788; x_wconf 77' lang='lat' dir='ltr'>G]</span> <span class='ocrx_word' id='word_1_387' title='bbox 1317 3736 1486 3787; x_wconf 91' lang='grc' dir='ltr'>κόςμος</span> <span class='ocrx_word' id='word_1_388' title='bbox 1515 3735 1606 3789; x_wconf 90' lang='grc' dir='ltr'>γὰρ</span> <span class='ocrx_word' id='word_1_389' title='bbox 1628 3735 1663 3780; x_wconf 92' lang='grc' dir='ltr'>Α</span> <span class='ocrx_word' id='word_1_390' title='bbox 1693 3735 1862 3787; x_wconf 90' lang='grc' dir='ltr'>κόςμος</span> <span class='ocrx_word' id='word_1_391' title='bbox 1893 3735 1995 3784; x_wconf 87' lang='grc' dir='ltr'>(οιιι.</span> <span class='ocrx_word' id='word_1_392' title='bbox 2017 3733 2127 3789; x_wconf 89' lang='grc' dir='ltr'>γὰρ)</span> <span class='ocrx_word' id='word_1_393' title='bbox 2157 3735 2299 3776; x_wconf 87' lang='lat' dir='ltr'><strong>Boiss.</strong></span> 
     </span>
     <span class='ocr_line' id='line_1_46' title="bbox 256 3788 2301 3846; baseline 0.001 -16"><span class='ocrx_word' id='word_1_394' title='bbox 256 3789 332 3831; x_wconf 86' lang='grc' dir='ltr'>καὶ</span> <span class='ocrx_word' id='word_1_395' title='bbox 363 3788 485 3843; x_wconf 68' lang='grc' dir='ltr'>γὰρ’.)</span> <span class='ocrx_word' id='word_1_396' title='bbox 517 3790 745 3830; x_wconf 83' lang='lat' dir='ltr'>Eberhard</span> <span class='ocrx_word' id='word_1_397' title='bbox 857 3792 879 3830; x_wconf 90' lang='lat'><strong>7</strong></span> <span class='ocrx_word' id='word_1_398' title='bbox 911 3790 1081 3842; x_wconf 82' lang='grc' dir='ltr'>κόςμος</span> <span class='ocrx_word' id='word_1_399' title='bbox 1112 3791 1197 3833; x_wconf 88' lang='grc' dir='ltr'>τὸν</span> <span class='ocrx_word' id='word_1_400' title='bbox 1230 3791 1534 3846; x_wconf 86' lang='grc' dir='ltr'>ἀπορήςαντα</span> <span class='ocrx_word' id='word_1_401' title='bbox 1566 3791 1612 3846; x_wconf 85' lang='lat' dir='ltr'>G]</span> <span class='ocrx_word' id='word_1_402' title='bbox 1645 3792 1731 3834; x_wconf 90' lang='grc' dir='ltr'>τὸν</span> <span class='ocrx_word' id='word_1_403' title='bbox 1763 3791 2035 3846; x_wconf 87' lang='grc' dir='ltr'>ἀποροῦντα</span> <span class='ocrx_word' id='word_1_404' title='bbox 2066 3793 2102 3835; x_wconf 91' lang='grc' dir='ltr'>Α</span> <span class='ocrx_word' id='word_1_405' title='bbox 2132 3790 2301 3843; x_wconf 90' lang='grc' dir='ltr'>κόςμος</span> 
     </span>
    </p>
   </div>
  </div>
 </body>
</html>
