2242 4016
908 212 1265 260 „13-

174 352 251 400 Ε
290 342 557 402 verborum
601 353 918 402 multitudine
957 356 1088 402 haud
1126 357 1310 419 exigua
1353 355 1552 419 profero

209 438 432 504 μεσιτείη
473 439 621 488 Babr.
665 439 752 497 93,
791 441 838 499 8,
879 441 1184 489 intercessio.
1224 442 1370 489 Hanc
1411 458 1582 489 vocem
1606 450 1721 503 post
1748 440 2109 491 Nicomachum

38 524 380 593 '‘fiflerasenum
439 522 591 588 (apud
680 542 825 586 quem
895 526 1143 587 signifieat
1203 529 1283 588 „in
1349 528 1510 574 medio
1576 525 1817 591 versari“)
1882 529 2111 592 deinceps

24 612 338 682 43Byzantini
377 612 572 659 demum
609 619 942 674 usurparunt:
984 614 1095 659 vide
1133 613 1449 675 Ducangium
1502 615 1551 661 in
1603 613 1866 662 Glossario
1909 631 1954 677 p.
1997 617 2111 663 912.

17 696 310 761 .-(Verbum
347 693 620 761 μεσιτεύειν
670 697 820 745 Babr.
875 699 955 759 39,
996 700 1026 744 2
1066 699 1178 745 inde
1217 715 1246 744 a
1285 699 1499 762 Polybio
1538 700 1588 745 in
1627 717 1717 747 usu
1756 701 1881 757 fuit.)

12 772 18 780 '-
211 778 422 849 σαγήνη,
460 791 595 844 „rete
634 783 969 845 piscatorum“
1010 786 1055 844 4,
1097 786 1141 830 1.
1181 785 1227 844 9,
1267 786 1325 843 63
1363 787 1570 846 „plagae
1598 787 1924 832 venatorum“
1962 787 2043 847 43,
2083 787 2113 833 8

3 858 280 918 '‘TBabrius
318 885 382 916 ex
421 885 513 916 usu
550 870 795 916 seriorum
825 886 916 932 pro
946 871 1143 917 nomine
1171 868 1324 917 at‘tico
1354 867 1557 918 δίκτυον
1579 871 1853 932 usurpavit.
1883 859 2111 918 Ceterum

7 957 216 1010 setiam
258 944 461 1003 δι’κτυον
498 956 632 1017 apud
669 955 907 1002 Babrium
946 957 1213 1016 invenitur,
1252 957 1299 1016 4,
1337 957 1385 1004 4.
1429 957 1473 1016 9,
1512 957 1560 1005 4.

214 1036 514 1104 ἆπωμαστος
553 1042 791 1102 operculo
844 1057 1017 1089 calens
1067 1042 1542 1099 Bab1u60,1.de
1589 1043 1682 1089 hac
1734 1058 1856 1089 voce
1896 1042 1952 1091 cf.
1993 1043 2115 1091 Lob.

0 1112 258 1197 {Phryn
298 1145 345 1190 p.
387 1127 503 1174 671.

188 1207 600 1261 ταλαντεύεσθαι
653 1210 906 1273 (medium)
959 1213 1014 1259 B.
1065 1213 1145 1273 30,
1197 1215 1225 1260 9
1278 1214 1569 1275 ponderare,
1607 1215 1872 1276 pensitare.
1910 1217 2114 1263 veibum

13 1339 17 1346 .
70 1294 388 1348 ταλαντεύειν
428 1298 640 1360 primum
679 1298 811 1359 apud
849 1298 1131 1344 Diodoium
1174 1299 1409 1359 Siculum,
1464 1306 1565 1346 tum
1607 1301 1739 1361 apud
1777 1302 2117 1360 Plutarchum,

75 1386 452 1448 Alciphronem,
491 1383 843 1443 Heliodorum,
882 1384 1007 1431 alios
1046 1385 1242 1446 legitur.

0 1510 6 1527 ,
211 1467 480 1536 προπηδᾶν
540 1487 676 1526 τινος
734 1469 964 1530 prosilire
1022 1485 1083 1515 ex
1141 1456 1310 1530 aliquo
1368 1471 1480 1517 loeo
1541 1471 1687 1518 Babr.
1748 1474 1864 1530 107,
1925 1474 2004 1521 12.
2058 1473 2117 1520 cf.

0 1530 20 1620 5
77 1556 250 1619 Steph.
289 1557 440 1603 Thes.
1616 1614 1618 1616 .

0 1621 22 1705 ᾗ,
213 1635 524 1707 μαγειρεύειν
562 1640 618 1687 Β.
650 1641 766 1700 122,
807 1642 885 1700 16,
913 1657 1072 1700 sensu,
1112 1649 1168 1687 ut
1194 1642 1405 1701 videtur,
1433 1642 1693 1703 ambiguo:
1733 1643 1945 1702 „lanium
1968 1643 2120 1704 esse“,

0 1719 14 1806 ξ
73 1734 147 1775 et:
189 1724 503 1786 „dilaniare“.

0 1866 14 1883 ι
215 1806 424 1871 ἁπλοῦν,
464 1808 739 1872 ἐφαπλοῦν,
779 1811 1044 1874 explicare,
1086 1813 1326 1873 pandere,
1366 1814 1656 1872 extendere,
1695 1809 1968 1873 ἀναπλοῦν,
2007 1831 2122 1876 ape-

0 1915 9 1963 3
76 1888 191 1946 rire.
232 1898 382 1946 Babr.
419 1897 468 1955 4,
517 1896 546 1943 5
599 1891 746 1960 ἰχθὺς
796 1895 866 1954 εἰς
902 1892 956 1944 τὸ
1007 1899 1183 1944 πλοῖον
1232 1893 1460 1963 ἡπλώθη.
1512 1900 1594 1959 54,
1635 1901 1663 1945 2
1705 1893 1730 1946 ὅ
1769 1894 1931 1963 θύτης
1969 1894 2123 1965 ἁγνὸν

0 1970 9 2035 3⁵
77 1974 212 2050 ἧπαρ
265 1979 496 2040 ἇπλώσας
545 1983 590 2043 (e
639 1983 946 2030 Lachmanni
998 1984 1317 2042 coniectura).
1373 1987 1451 2044 74,
1504 1986 1533 2032 3
1583 1981 1771 2041 ἐκεῖνος
1820 1981 1988 2043 αὐτοῖς
2035 1981 2123 2043 τὰς

77 2066 241 2136 θύρας
277 2063 588 2126 ἀναπλώσας.
630 2069 713 2127 95,
753 2070 781 2114 2
823 2065 979 2115 ἔκειτο
1021 2064 1198 2133 νωθρὰ
1236 2073 1351 2134 γυῖα
1391 2072 1479 2135 γῆς
1518 2065 1831 2130 ἐφαπλώσας.
1899 2071 2120 2118 Verbum

75 2140 287 2214 niumm,
328 2172 628 2216 quamquam
671 2155 803 2216 apud
843 2155 1035 2216 priores
1075 2172 1444 2216 nonnumquam
1484 2155 1751 2214 invenitur,
1790 2163 1954 2203 tamen
1993 2158 2122 2204 inter

0 2219 9 2319 :V
76 2259 136 2290 ea
176 2258 303 2303 quae
341 2241 520 2288 seriori
559 2247 607 2287 et
648 2240 844 2301 vulgari
883 2241 1144 2301 graecitati
1184 2241 1390 2302 propria
1427 2241 1626 2287 suerunt
1664 2243 1909 2288 voeabula
1949 2242 2122 2288 referri

0 2340 4 2395 J·
79 2334 274 2390 potest:
315 2343 415 2387 quo
456 2327 532 2374 usi
570 2333 685 2373 sunt
724 2332 922 2387 praeter
961 2326 1084 2372 alios
1125 2326 1365 2374 Lucillius
1405 2334 1454 2373 et
1480 2326 1743 2387 Agathias,
1782 2327 2122 2389 Anthologiae

0 2415 4 2430 ³
78 2412 306 2460 Graecae
365 2417 570 2474 poeitae,
633 2411 908 2474 Dionysius
950 2412 1246 2473 Periegetes,
1303 2412 1558 2470 Manetho,
1616 2410 1846 2471 Nonnus,
1902 2413 2122 2460 Joanncs

0 2487 5 2492 ι
77 2497 341 2558 Gazaeus;
381 2497 641 2558 Alciphro,
715 2497 757 2542 E
797 2497 1094 2543 carminibus
1148 2495 1381 2558 Orphicis
1421 2497 1560 2544 locos
1601 2498 1768 2543 attulit
1805 2498 2123 2544 Hermannus

77 2585 140 2631 ad
180 2583 338 2646 Orph.
379 2601 424 2646 p.
466 2583 582 2630 814.
623 2577 881 2628 ἄναπλοῦν
918 2583 1182 2644 usurpavit
1204 2599 1243 2629 e.
1267 2599 1311 2644 g.
1340 2584 1486 2628 etiam
1513 2583 1750 2630 Moschus
1777 2583 1844 2642 II,
1886 2585 1952 2630 60
1990 2578 2127 2647 ὅρνις

0 2668 3 2681 ³
76 2664 257 2734 ταρσὸν
295 2663 605 2725 ἀναπλώσας.
649 2667 727 2713 De
767 2669 920 2714 verbo
962 2664 1221 2739 §mansi-osma
1263 2661 1372 2715 vide
1414 2670 1592 2715 Eberh.
1635 2685 1678 2729 p.
1720 2669 1785 2715 22
1821 2675 1869 2714 et
1902 2665 2124 2730 Interpp.

77 2755 139 2802 ad
177 2755 336 2817 Long.
376 2772 421 2817 p.
460 2754 574 2801 194.
605 2753 723 2802 Seil.

221 2837 506 2898 ἕπελπίζειν
546 2832 707 2905 (νίκῃ)
746 2838 896 2886 Babi.
942 2841 984 2896 1,
1027 2842 1071 2887 6.

222 2929 431 2975 κοποῦν.
472 2942 576 2973 aor.
618 2940 747 2986 pass.
786 2922 1042 2981 κοπωθείς
1097 2923 1393 2985 defatigatus
1445 2925 1592 2971 Babr.
1654 2925 1769 2984 112,
1807 2925 1853 2971 4.
1896 2924 1952 2971 cf.
1995 2926 2126 2972 Plut.

80 3014 253 3075 parall.
283 3014 377 3061 30.

179 3093 477 3160 ’λιμώττειν
516 3094 681 3161 (Babr.
735 3094 819 3150 45,
862 3096 908 3142 8.
963 3097 1080 3155 137,
1128 3097 1176 3155 3)
1225 3095 1437 3142 seriores
1494 3112 1586 3157 pro
1644 3101 1731 3141 att.
1789 3096 1969 3156 πεινῆν
2026 3101 2127 3141 ute—

0 3243 12 3250 *
82 3185 278 3240 bantur,
317 3191 372 3230 ut
410 3183 677 3242 Lucianus,
717 3180 980 3242 Alciphro,
1022 3181 1301 3243 Appianus,
1340 3180 1607 3242 Josephus,
1653 3181 1751 3228 alii.

224 3267 419 3314 Deinde
456 3267 735 3314 locutiones
778 3268 1144 3326 verborumque
1200 3266 1588 3327 significationes
1643 3274 1692 3311 et
1731 3265 2128 3313 constructiones

87 3353 330 3415 quaedam
381 3352 568 3399 Babrio
627 3368 733 3399 cum
791 3351 1064 3398 serioribus
1118 3367 1398 3399 communes
1452 3358 1580 3398 sunt.
1668 3343 1948 3412 ἀναψύχειν
1997 3351 2129 3413 apud

86 3439 280 3502 priores
319 3438 581 3485 transitive
623 3443 920 3497 usurpatur:
975 3436 1353 3498 „refrigerare“:
1409 3437 1541 3498 apud
1579 3435 1792 3482 seriores
1833 3443 1993 3482 antem
2034 3437 2129 3483 hoc

0 3507 10 3567 i
90 3525 292 3571 verbum
330 3522 574 3584 significat
615 3522 763 3568 etiam
801 3521 1149 3583 „refrigerat-W
1187 3523 1237 3580 (i.
1277 3538 1323 3581 q.
1363 3516 1757 3583 ἀναψύχεσθαι).
1796 3520 1868 3567 Ut
1915 3521 2128 3567 Babrius

0 3643 34 3666 -Λ
85 3608 168 3668 95,
207 3609 271 3655 57
311 3607 438 3654 dixit
478 3602 676 3672 δρόμων
727 3603 1024 3673 ἀναψύχειν,
1065 3610 1134 3654 ita
1173 3605 1432 3668 Oppianus
1482 3607 1704 3654 Halicut.
1757 3606 1802 3667 5,
1857 3607 1955 3652 623
2010 3601 2124 3652 ἀνα-
