2332 4134
1088 305 1478 359 —128—

597 453 848 514 δρομαῖος
885 448 1023 511 ἧκεν,
1062 448 1191 500 ἔνθα
1227 450 1431 516 λῃςταῖς
1470 448 1762 511 περιτυχὼν

597 533 940 598 πωλούμενός
977 532 1019 584 τ’
1065 531 1212 601 <ἂρ’>
1256 531 1377 596 εὗρε
1415 531 1650 597 δράχμας
1690 533 1868 597 χιλίας.

669 618 824 685 [πρὸς
864 617 1033 681 ἄνδρα
1071 618 1298 682 ψεύςτην
1340 615 1538 686 <ἐςτὶν>
1581 617 1612 669 ὁ
1650 617 1809 680 λόγος
1845 613 2077 687 καίριος.]
2242 633 2292 674 15

1215 773 1343 830 232

597 887 909 950 Ἀναρχίαιςι
948 887 1200 951 βάτραχοι
1237 888 1555 952 λυπούμενοι

598 975 831 1036 πρέςβεις
871 973 1113 1037 ἔπεμψαν
1149 973 1473 1026 ἱκετεύοντες
1511 974 1619 1026 Δία

599 1061 782 1110 δοῦναι
814 1060 1042 1123 -βαςιλέα,
1082 1062 1188 1111 τῶν
1228 1061 1289 1112 δὲ
1326 1061 1421 1124 τὴν
1461 1059 1673 1123 εὐηθίην

605 1144 634 1195 ὁ
674 1143 808 1196 Ζεὺς
847 1143 976 1196 ἰδὼν
1014 1147 1241 1208 καθῆκεν
1280 1145 1351 1197 εἰς
1390 1145 1571 1209 λίμνην
1609 1146 1781 1199 ξύλον.

599 1232 931 1294 ςυςταλμένοι
969 1232 1063 1295 μὲν
1103 1230 1356 1295 βάτραχοι
1396 1233 1610 1295 πρῶτον
1649 1231 1805 1299 φόβῳ
2269 1245 2296 1286 5

602 1317 888 1369 κατέδυςαν
930 1314 1152 1385 <εύθὺς>
1198 1316 1270 1369 εἰς
1307 1317 1373 1368 τὰ
1411 1320 1503 1380 τῆς
1542 1316 1719 1380 λίμνης
1758 1315 1906 1380 βάθη.

599 1402 776 1455 ἔπειτα
814 1398 877 1465 δ’,
918 1403 990 1455 ὡς
1027 1402 1172 1455 τοῦτ’
1211 1402 1304 1466 εἶχ’
1347 1402 1604 1467 ἀκινήτως
1647 1399 1871 1472 <πάνυ>,

601 1487 888 1541 ἀναδύντες
927 1488 999 1541 εἰς
1036 1491 1292 1541 τοςοῦτον
1330 1486 1494 1551 ἦλθον
1532 1487 1736 1551 ὕβρεως

600 1574 671 1625 ὡς
710 1572 1019 1639 κάπιβάντες
1058 1575 1447 1629 ἐπικαθέζεςθαι
1485 1574 1637 1642 ξύλῳ.

598 1659 733 1722 ἔχειν
773 1659 819 1712 δ’
857 1659 1197 1714 ἀπαξιοῦντες
1246 1659 1377 1712 αὐτὸ
1418 1661 1624 1724 βαςιλέα
1993 1711 1997 1715 ,
2249 1675 2302 1714 10

600 1744 657 1796 ἐκ
694 1747 946 1809 δευτέρου
984 1746 1119 1809 πρὸς
1156 1746 1251 1798 τὸν
1289 1744 1375 1797 Δί’
1414 1743 1545 1808 ἧκον
1583 1745 1667 1797 καὶ
1708 1736 1972 1814 (πάτερ)

599 1828 832 1892 ἀρχηγὸν
870 1828 1006 1894 ἡμῖν’
1044 1829 1194 1883 εἶπον
1237 1830 1474 1885 “ἄλλαξον
1516 1828 1762 1900 <πάλιν>·

599 1915 712 1978 λίην
751 1916 780 1968 ὁ
812 1919 1023 1980 πρῶτος
1063 1915 1314 1982 ἀδόκιμος
1351 1920 1434 1970 καὶ
1472 1918 1740 1983 νωχελής’.

604 1999 711 2052 τότ’
753 2001 952 2054 ἔδωκεν
990 2004 1167 2054 αὐτοῖς
1207 2005 1414 2067 βαςιλέα
1457 2002 1656 2074 <Ζεὺς>
1699 2004 1941 2069 ἔγχελυν·

601 2085 664 2138 ὃν
703 2086 831 2139 οὐδὲ
870 2090 1215 2141 κατεδέξαντο
1253 2090 1453 2153 μωρίης
1492 2090 1660 2154 χάριν.
2249 2102 2300 2142 15

603 2171 737 2234 πρὸς
775 2173 869 2224 τὸν
907 2173 994 2224 Δί’
1033 2173 1130 2225 οῦν
1169 2174 1438 2227 αἰτοῦντες
1475 2175 1640 2239 ἦλθον
1680 2175 1737 2228 ἐκ
1774 2176 1978 2240 τρίτου·

607 2258 702 2308 (καὶ
740 2261 932 2310 τοῦτον
975 2256 1139 2326 <ἡμῑν,
1179 2259 1302 2321 Ζεῦ,
1341 2258 1720 2329 κατ>αλλάξαις
1761 2254 1936 2330 <ἔτι>’.

261 2457 467 2513 εὑρήςεις
495 2458 793 2501 Ἀττικὰς
825 2458 1087 2513 μυρίαςζ
1147 2462 1223 2502 καὶ
1263 2460 1322 2502 ὃς
1353 2460 1730 2515 περιχαρὴς
1759 2459 2133 2512 γενόμενος
2166 2462 2299 2517 δρο-

265 2519 455 2567 μαῖος
507 2513 662 2567 ἧκεν
713 2515 814 2558 ἐπὶ
864 2517 985 2569 τὴν
1037 2517 1229 2571 ᾐόνα,
1288 2517 1448 2559 ἔνθα
1497 2517 1554 2570 δὴ
1606 2519 1885 2571 λῃςταῖς
1914 2519 2299 2572 περιτυχὼν

263 2572 448 2626 ἀπήχθη
480 2573 556 2613 καὶ
586 2572 662 2615 ὑπ’
694 2573 858 2615 αὐτῶν
887 2574 1266 2626 πωλούμενος
1306 2573 1435 2627 εὗρε
1474 2573 1734 2628 δραχμὰς
1773 2572 1932 2627 χιλίας.
1964 2593 2023 2604 -
2051 2574 2101 2618 ‘O
2131 2575 2299 2628 λόγος

265 2630 480 2684 εὔκαιρος
511 2629 651 2683 πρὸς
683 2629 861 2684 ἄνδρα
892 2631 1204 2684 ψευδολόγον.
1235 2633 1348 2686 Aug.
1392 2650 1450 2661 —
1497 2631 1690 2687 1—[15]
1722 2636 1821 2673 rest.
1858 2629 1888 2674 Β

433 2701 525 2744 232
559 2700 659 2744 '²¹37
681 2718 734 2736 =
759 2700 788 2744 0
819 2716 859 2754 p.
879 2704 961 2742 355
995 2701 1025 2746 0
1046 2703 1240 2754 1671—23
1273 2703 1328 2743 cf.
1361 2703 1454 2744 fab.
1478 2704 1560 2743 167
1589 2703 1719 2744 huius
1751 2703 1968 2744 editionis.
2001 2701 2299 2757 Βάτραχοι

263 2758 627 2809 λυπούμενοι
657 2759 762 2811 περὶ
794 2761 878 2811 τῆς
911 2759 1095 2801 ἑαυτῶν
1127 2758 1414 2814 ἀναρχίας
1444 2759 1720 2814 πρέςβεις
1752 2759 2017 2812 ἔπεμψαν
2058 2759 2177 2815 πρὸς
2213 2760 2300 2804 τὸν

263 2813 355 2857 Δία
397 2813 636 2867 βαςιλέα
677 2815 843 2857 αὐτοῖς
880 2819 1152 2869 παραςχεῑν.
1212 2817 1237 2858 ὁ
1279 2817 1337 2859 δὲ
1382 2816 1620 2859 ςυνιδὼν
1668 2816 1830 2858 αὐτῶν
1868 2817 1979 2868 τὴν
2018 2815 2300 2870 εὐήθειαν

263 2872 443 2915 ξύλον
486 2868 566 2913 εἰς
606 2871 695 2923 τὴν
734 2870 945 2924 λίμνην
987 2874 1254 2926 καθῆκεν.
1315 2874 1391 2915 καὶ
1433 2871 1477 2915 οἱ
1519 2873 1811 2927 βάτραχοι
1840 2873 1895 2915 τὸ
1929 2873 2031 2924 μὲν
2061 2875 2298 2928 πρῶτον

263 2927 647 2979 καταπλαγέντες
683 2929 770 2970 τὸν
811 2929 974 2982 ψόφον
1014 2928 1093 2972 εἰς
1132 2930 1201 2972 τὰ
1243 2931 1388 2983 βάθη
1431 2932 1533 2984 τῆς
1563 2929 1770 2983 λίμνης
1802 2930 2037 2972 ἔδυςαν·
2094 2931 2295 2985 ὕςτερον

264 2986 322 3028 δὲ
356 2986 428 3028 ὡς
461 2983 746 3037 ἀκίνητον
767 2986 827 3038 ἦν
849 2986 905 3027 τὸ
927 2987 1079 3038 ξύλον,
1104 2986 1440 3031 ἀναδύντες
1463 2985 1547 3030 εἰς
1576 2990 1862 3029 τοςοῦτον
1894 2989 2300 3042 καταφρονήςεως

264 3043 445 3096 ἦλθον
487 3042 563 3084 ὡς
607 3044 701 3084 καὶ
747 3042 1113 3094 ἐπιβαίνοντες
1159 3043 1293 3099 αὐτῷ
1340 3043 1806 3088 ἑπικαθέζεςθαι.
1865 3042 2296 3088 ἀναξιοπαθοῦντες

266 3100 325 3142 δὲ
366 3101 589 3141 τοιοῦτον
631 3099 783 3152 ἔχειν
826 3100 1060 3151 βαςιλέα
1108 3099 1252 3152 ἧκον
1300 3101 1359 3144 ἑκ
1406 3100 1694 3155 δευτέρου
1740 3100 1886 3156 πρὸς
1930 3101 2038 3144 τόν
2076 3099 2184 3144 Δία
2224 3102 2300 3144 καὶ

264 3159 439 3198 τοῦτον
470 3155 767 3210 παρεκάλουν
801 3155 1042 3199 ἀλλάξαι
1074 3159 1239 3201 αὐτοῖς
1258 3159 1346 3200 τὸν
1369 3158 1646 3212 ἀρχηγόν·
1677 3157 1889 3211 τὸνγὰρ
1912 3161 2148 3212 πρῶτον
2168 3156 2301 3201 λίαν

265 3214 383 3256 εἶναι
423 3214 650 3265 νωχελῆ
692 3214 785 3255 καὶ
826 3213 1127 3266 ἀδόκιμον.
1168 3216 1193 3257 ὁ
1227 3216 1286 3258 δὲ
1317 3215 1439 3258 Ζεὺς
1471 3214 1799 3267 ἀγανακτήςας
1828 3214 1931 3258 κατ’
1961 3214 2125 3258 αὐτῶν
2152 3215 2299 3270 ὕδρον

266 3270 429 3312 αῦτοῖς
462 3269 559 3312 ἕπε
576 3283 651 3323 μψ
664 3283 741 3321 εν,
773 3270 855 3322 ὑφ’
887 3270 941 3312 οὗ
975 3273 1405 3324 ςυλλαμβανόμενοι
1436 3270 1785 3324 κατηςθίοντο.
1826 3296 1880 3302 ——-
1911 3271 1961 3314 Ὁ
1990 3271 2131 3324 λόγος
2161 3272 2297 3325 δηλοῖ

267 3327 458 3377 ἄμεινον
483 3327 603 3370 εἶναι
621 3326 804 3380 εὐήθεις
829 3327 1061 3380 ἄρχοντας
1093 3329 1214 3381 ἔχειν
1243 3330 1320 3371 καὶ
1353 3329 1568 3371 ἐπιεικεῖς
1599 3329 1628 3381 ἢ
1650 3329 1964 3382 ταρακτικοὺς
1992 3330 2070 3371 καὶ
2098 3329 2295 3383 κακούρ-

265 3382 451 3435 γουςῦ1
535 3383 824 3438 Βάτραχοι
845 3385 1027 3426 λυπού
1045 3386 1298 3435 μενοιεπὶ
1327 3389 1386 3439 τῇ
1410 3384 2299 3441 αὑτῶνἀναρχίᾳπρέςβειςέπεμ-

266 3453 381 3492 ψαν
415 3438 799 3483 ἱκετεύοντες
830 3440 916 3482 τὸν
946 3439 1056 3482 Δία
1089 3442 1217 3484 ὅπως
1249 3442 1414 3485 αὐτοῖς
1447 3442 1630 3495 βαςιλέα
1667 3443 1909 3496 παράςχοι.
1942 3441 1968 3483 ὀ
1991 3441 2050 3484 δε
2072 3442 2299 3485 ςυνιδών

268 3496 429 3538 αὐτῶν
470 3497 576 3549 τὴν
616 3497 900 3550 εὐήθειαν
940 3498 1116 3540 ξύλον
1157 3499 1294 3551 ἔπηξε
1336 3499 1472 3551 μέςον
1509 3502 1594 3552 τῆς
1625 3497 1800 3551 λίμνης.
1861 3498 2210 3550 ςυςτελλόμενοι
2249 3498 2300 3541 δὲ

268 3556 336 3606 τῷ
370 3553 531 3606 φόβῳ
565 3553 608 3595 οἱ
642 3555 926 3608 βάτραχοι
956 3552 1037 3596 εἰς
1067 3554 1133 3596 τὰ
1168 3555 1306 3607 βάθη
1340 3556 1638 3598 κατέδυον.
1671 3556 1843 3609 χρόνου
1867 3556 1918 3598 δὲ
1938 3556 2113 3597 πολλοῦ
2136 3567 2295 3609 παρῳ-

266 3610 469 3662 χηκότος
493 3611 557 3652 ὡς
580 3610 747 3665 ἑώρων
778 3611 833 3653 τὸ
856 3610 993 3654 ξύλον
1016 3610 1293 3664 ἀκίνητον,
1316 3611 1610 3664 ἀπεβάλοντο
1631 3612 1717 3654 τὸν
1738 3613 1889 3665 φόβον
1918 3613 1995 3654 καὶ
2015 3614 2300 3654 τοςοῦτον

267 3666 632 3720 κατεφρόνηςαν
655 3668 804 3710 αὐτοῦ
829 3669 903 3711 ὡς
926 3666 1179 3720 ἐπιβαίνειν
1202 3669 1277 3710 καὶ
1309 3669 1508 3711 ἑπικαθ
1528 3670 1753 3713 έζεςθαι
1775 3669 1949 3722 τούτῳ.
1982 3669 2042 3720 μὴ
2077 3667 2299 3711 ἀξιοῦν-

268 3735 366 3765 τες
415 3722 454 3764 δ’
504 3723 649 3765 αὐτὸ
697 3725 856 3776 ἔχειν
909 3725 1139 3777 βαςιλέα
1186 3725 1244 3767 ἐκ
1291 3725 1570 3780 δευτέρου
1618 3725 1794 3777 ἦλθον
1836 3723 1900 3767 εἰς
1938 3726 2041 3767 τὸν
2081 3723 2190 3767 Δία
2219 3724 2296 3766 καὶ

268 3779 567 3833 παρεκάλουν
599 3779 840 3823 ἀλλάξαι
873 3781 1033 3823 αὐτόν.
1067 3781 1206 3824 τότε
1239 3781 1493 3825 δέδωκεν
1532 3782 1737 3824 αὐτοῖς
1776 3781 2002 3833 βαςιλέα
2034 3782 2290 3835 ἔγχελυν.

269 3834 451 3879 ἰδόντες
484 3836 534 3878 δὲ
568 3836 716 3879 αὐτοῦ
749 3839 837 3890 τὴν
881 3837 1100 3890 εὐήθειαν
1138 3838 1200 3880 οὐ
1241 3839 1635 3882 κατεδέξαντο
1676 3838 1836 3880 αὐτόν.
1883 3838 2059 3890 ἦλθον
2101 3837 2203 3880 οῦν
2234 3837 2295 3879 ἑκ
