2332 4134
1097 335 1453 388 —33-

1233 524 1315 581 74

590 641 771 692 Ἵππος
809 656 865 691 τε
903 639 987 691 καὶ
1026 641 1151 703 βοῦς
1188 637 1271 689 καὶ
1311 635 1454 688 κύων
1491 634 1596 686 ὑπὸ
1637 632 1843 697 ψύχους

594 725 879 789 κάμνοντες
916 723 1082 787 ἦλθον
1120 722 1287 785 οἰκίην
1327 721 1379 772 ἐς
1419 719 1724 783 ἀνθρώπου.

592 809 830 862 κάκεῖνος
868 809 1047 861 αὐτοῖς
1084 809 1178 860 τὰς
1218 808 1381 871 θύρας
1419 806 1731 858 ἀναπλώςας

590 898 824 959 παρῆγεν
862 894 1018 946 ἐνδον
1057 895 1141 946 καὶ
1177 891 1301 956 παρ’
1342 891 1476 959 ἑςτίῃ
1516 890 1725 954 θάλψας

588 980 757 1043 πυρὸς
794 979 1018 1047 γεμούςῃ
1058 978 1323 1042 παρετίθει
1360 994 1407 1028 τι
1444 979 1552 1028 τῶν
1591 974 1780 1034 ὄντων,
2280 981 2320 1020 5-

588 1065 768 1129 κριθὰς
805 1067 899 1129 μὲν
936 1063 1099 1133 ἵππῳ,
1138 1064 1344 1127 λάθυρα
1383 1062 1428 1114 δ’
1469 1061 1660 1129 ἐργάτῃ
1700 1060 1908 1127 ταύρῳ·

592 1150 622 1202 ὁ
662 1151 806 1202 κύων
844 1149 966 1214 παρ’
1004 1150 1148 1218 αὐτῷ
1191 1148 1546 1212 ςυντράπεζος
1584 1147 1814 1210 εἰςτήκει.

591 1235 755 1299 ξενίης
795 1234 841 1288 δ’
879 1234 1101 1299 ἀμοιβὴν
1140 1234 1447 1286 ἀντέδωκαν
1486 1232 1753 1300 ἀνθρώπῳ

590 1322 885 1386 μερίςαντες
924 1322 1069 1390 αὐτῷ
1109 1324 1217 1372 τῶν
1256 1321 1389 1372 ἐτῶν
1429 1318 1523 1384 ἄφ>
1559 1316 1635 1370 ὧν
1672 1317 1827 1378 ἔζων,

595 1406 624 1458 ὁ
663 1408 757 1470 μὲν
793 1406 955 1458 ἵππος
993 1406 1146 1459 εὐθύ·
1187 1405 1371 1469 διόπερ
1412 1405 1468 1456 ἐν
1507 1404 1719 1468 χρόνοις
1755 1403 1988 1466 πρώτοις
2254 1410 2320 1448 10

592 1491 808 1544 ἕκαςτος
844 1491 992 1555 ἡμῶν
1030 1491 1229 1555 γαῦρός
1268 1491 1370 1542 ἐςτι
1407 1492 1503 1553 τὴν
1540 1491 1776 1553 γνώμην·

592 1577 622 1629 ὁ
663 1579 723 1629 δὲ
763 1581 888 1642 βοῦς
927 1576 1035 1641 μετ’
1073 1577 1263 1629 αὐτόν·
1303 1577 1487 1640 διόπερ
1528 1576 1600 1628 εἰς
1639 1576 1824 1638 με’ςους
1861 1572 2010 1636 ἥκων

592 1666 775 1726 μοχθεῐ
812 1662 1061 1727 φίλεργός
1099 1662 1143 1714 τ’
1181 1663 1315 1714 ἐςτὶν
1355 1661 1516 1726 ὄλβον
1555 1660 1840 1724 ἀθροίζων.

594 1748 624 1800 ὁ
665 1748 807 1800 κύων
846 1747 891 1800 δ’
930 1748 1114 1809 ἔδωκε,
1153 1748 1295 1813 φαςί,
1333 1748 1459 1799 τοὺς
1497 1745 1851 1799 τελευταίους·

594 1834 676 1885 διὸ
717 1833 1053 1895 δυςκολαίνει,
1093 1833 1313 1897 Βράγχε,
1352 1836 1455 1885 πᾶς
1494 1832 1524 1884 ὁ
1563 1832 1793 1896 γηράςας
2254 1839 2319 1877 1⁵

591 1919 675 1971 καὶ
711 1919 807 1970 τὸν
847 1919 1063 1971 διδόντα
1099 1919 1194 1982 τὴν
1231 1920 1442 1984 τροφὴν
1479 1919 1646 1982 μόνον
1685 1917 1859 1978 ςαίνει,

592 2003 672 2056 ἀεὶ
711 2003 757 2056 δ’
795 2004 1004 2056 ὑλακτεῖ
1041 2005 1124 2056 καὶ
1164 2005 1377 2058 ξένοιςιν
1416 2004 1479 2056 οὐ
1519 2004 1701 2067 χαίρει.

421 2103 689 2168 Διαβολήν
739 2103 769 2155 ὁ
818 2107 982 2168 μῦθος
1037 2103 1142 2167 ἔχει
1199 2103 1413 2167 ἀνδρῶν
1469 2104 1685 2156 ἐκείνων
1741 2107 1846 2155 τῶν
1897 2100 2151 2166 μηδεμίαν
2197 2101 2319 2151 τοῖς

251 2188 418 2243 Ξένοις
443 2188 702 2253 πρόνοιαν
727 2190 1077 2253 ποιουμένων,
1115 2189 1186 2241 εἰς
1220 2190 1418 2253 μόνους
1456 2192 1515 2243 δὲ
1551 2191 1677 2242 τοὺς
1712 2189 1938 2242 οἰκείους
1962 2187 2058 2251 τὴν
2083 2185 2321 2253 ςτοργὴν

252 2274 659 2338 περιιςτώντων,
698 2273 806 2326 ἀπὸ
844 2277 936 2337 τῆς
973 2278 1069 2326 τοῦ
1109 2275 1266 2326 κυνὸς
1304 2274 1637 2329 ὑποδείξεως.

1236 2474 1316 2531 75

592 2585 787 2651 Ἰατρὸς
824 2587 890 2651 ἦν
930 2587 1161 2651 ἄτεχνος.
1201 2587 1359 2640 οὗτος
1399 2586 1670 2656 ἀρρώςτῳ,

592 2671 809 2723 πάντων
848 2671 1113 2734 λεγόντων
1151 2672 1233 2737 (μὴ
1278 2674 1457 2734 δέδιθι,
1498 2673 1729 2741 ςωθήςῃ·

592 2756 764 2808 πάθος
803 2759 895 2822 μέν
935 2758 1035 2810 ἐςτι
1073 2758 1304 2822 χρόνιον,
1345 2757 1455 2810 ἀλλ’
1494 2759 1581 2828 ἕςῃ
1621 2758 1802 2827 ῥᾴων,’

593 2841 623 2893 ὁ
664 2842 782 2906 δίχα
820 2844 1002 2907 τέχνης
1041 2844 1222 2908 ἰατρὸς
1261 2843 1406 2897 εἶπεν
1445 2844 1742 2909 εἰςβαίνων·

596 2926 792 2991 “ε’τοιμα
830 2931 908 2980 δεῖ
945 2946 996 2980 ςε
1035 2929 1187 2981 πάντ’
1226 2929 1387 2993 ἔχειν·
1428 2930 1797 2994 ἀποθνήςκεις·
2039 2946 2074 2951 ’·
2281 2942 2320 2979 5·

590 3012 750 3065 οὐδὲν
790 3013 976 3066 ἀπατῶ
1017 3010 1089 3066 ςε’
1129 3016 1283 3079 φηςίν
1322 3015 1453 3068 (οὐδ’
1493 3016 1771 3080 ἐνεδρεύω,
2088 3017 2089 3021 ’
2138 3009 2160 3012 ..

592 3098 687 3161 τὴν
726 3098 910 3162 αὔριον
947 3099 1046 3163 γὰρ
1086 3099 1148 3150 τό
1187 3099 1234 3161 γ’
1273 3100 1401 3163 ἐμὸν
1441 3101 1539 3163 οὐχ
1577 3099 1877 3168 ὑπερβήςῃ.’

594 3182 738 3234 ταῦτ’
777 3182 888 3236 εἶπε
928 3185 1010 3236 καὶ
1048 3186 1110 3236 τὸ
1151 3186 1338 3237 λοιπὸν
1376 3185 1546 3238 οὐκέτ>
1585 3186 1753 3253 εἰςῄει.
1827 3246 1829 3248 ,

424 3382 487 3426 74
528 3381 563 3426 Α
602 3382 701 3426 358
730 3398 784 3418 =
820 3381 944 3427 0194
973 3381 1086 3436 Aug.
1113 3385 1166 3424 55
1212 3402 1271 3411 —
1317 3387 1341 3425 6
1381 3382 1564 3438 λάθυρα
1595 3382 1643 3438 Α]
1683 3381 1900 3438 ἄχυρα“,’Β
2039 3350 2078 3440 ,7Ῐ
2100 3364 2225 3440 ’παρ’
2254 3379 2313 3439 G}

252 3436 347 3492 γὰρ
379 3437 415 3482 Α
446 3438 485 3480 δ’
506 3437 578 3492 ἀρ’
598 3439 827 3480 Eberhard
957 3440 982 3479 8
1013 3437 1164 3482 ξενίας
1195 3438 1231 3483 Α
1362 3443 1386 3481 9
1419 3440 1541 3483 ἐτῶν
1574 3440 1608 3484 Α
1633 3441 1665 3484 Β
1695 3439 1824 3495 Aug4]
1857 3438 1979 3482 ἐθῶν
2011 3440 2225 3481 Duebner
2245 3437 2305 3484 L*

254 3493 339 3547 ἀφ’
368 3493 419 3550 G]
452 3494 534 3547 ἀφ’
565 3495 600 3539 Α
630 3494 705 3548 ἐφ’
737 3495 770 3538 Β
918 3497 969 3536 13
1001 3497 1042 3537 τ’
1074 3497 1173 3540 add.
1206 3497 1345 3539 Boiss.
1378 3497 1452 3540 διὰ
1482 3500 1628 3540 τοῦτο
1667 3496 1905 3551 μοχθηρὸς
1945 3496 2040 3538 καὶ
2079 3493 2308 3551 φιλεργός

256 3550 353 3594 ἐςτι
382 3551 591 3594 πλοῦτον
623 3550 855 3607 ἀθροίζων
888 3552 919 3595 Β
2072 3589 2075 3590 ⁷
2112 3588 2115 3592 ,

427 3622 488 3666 75
518 3622 553 3667 Α
585 3623 682 3667 353
711 3644 770 3654 —
799 3625 824 3664 2
857 3622 1027 3686 5262&
1056 3623 1091 3667 Α
1120 3637 1164 3665 τι
1196 3623 1342 3667 δέδιθι
1363 3625 1532 3666 Ahrens
1582 3670 1585 3673 ,
1620 3627 1647 3665 4
1666 3622 1784 3679 ,δίχα
1815 3624 1988 3678 τέχνης
2021 3622 2068 3679 G]
2102 3623 2142 3666 δ’
2168 3622 2310 3676 ἀτεχ-

251 3692 340 3744 νὴς
362 3691 397 3736 Α
487 3692 544 3748 [4]
566 3694 795 3749 Βετςὶτίιιε,
827 3697 899 3748 qui
921 3699 1147 3747 praeterea
1166 3709 1207 3735 v.
1231 3698 1255 3736 6
1277 3700 1378 3736 ante
1400 3698 1424 3736 5
1448 3696 1710 3741 conlocabat
1826 3698 1851 3736 6
1883 3694 2023 3737 οὐδὲν
2055 3693 2228 3741 ἀπατῶ
2247 3692 2304 3748 ὃ]

253 3748 342 3791 οὐκ
364 3748 580 3793 ἐξαπατῶ
602 3750 637 3795 Α
727 3753 749 3791 7
781 3751 837 3794 τό
858 3752 901 3803 γ’
924 3751 1038 3803 ἐμὸν
1061 3750 1108 3805 G]
1140 3752 1197 3793 τὸ
1231 3752 1409 3806 μακρὸν
1430 3751 1466 3796 Α
1551 3755 1662 3793 4-7
1695 3750 1835 3795 οὗτος
1867 3752 2016 3804 μόνος
2042 3750 2137 3804 ἔφη
2166 3750 2305 3805 αὐτῷ

254 3805 412 3848 πάντα
443 3805 503 3848 τὰ
536 3805 682 3849 αὐτοῦ
717 3807 997 3859 ἑτοιμάςειν·
1028 3807 1130 3859 (τὴν
1164 3808 1328 3862 αὔριον
1359 3808 1449 3863 γὰρ
1482 3809 1568 3862 οὐχ
1599 3808 1850 3863 ὑπερβήσῃ’
1883 3810 1916 3852 Β
