2332 4134
885 281 1238 333 —49-

382 431 665 490 ςκιρτῶςαν
705 424 825 489 εὗρε
864 428 1127 489 μαλθακῆς
1166 425 1298 489 ὑπὲρ
1339 425 1505 487 ποίης.

381 511 555 563 ἕκυςςε
595 510 640 562 δ’
678 513 842 575 αὐτὴν
880 514 1109 574 πρῶτον,
1149 509 1261 562 εἶτα
1299 512 1382 562 καὶ
1420 510 1616 574 χαίρειν

378 599 624 660 προςεῑπε
663 601 899 659 χρηςτῶν
938 595 981 647 τ’
1021 595 1239 658 ἄγγελος
1277 596 1453 657 λόγων
1491 595 1647 658 ἥκειν.

376 674 427 734 εὁ
467 676 620 734 λε’ων’
658 681 885 746 ἐφαςκεν
922 676 1106 742 εοἶδας,
1146 681 1246 732 ἐςτι
1284 699 1369 744 μοι
1404 681 1608 742 γείτων,

380 769 485 832 ἔχει
523 770 583 820 δὲ
621 768 841 832 φαύλως
879 766 1070 829 κάγγύς
1109 767 1210 818 ἐςτι
1247 769 1341 818 τοῦ
1382 767 1631 829 θνήςκειν.
2032 778 2082 814 15

381 855 456 906 τίς
495 853 592 906 οῦν
630 852 734 917 μετ’
774 853 937 904 αὐτὸν
976 853 1175 916 Θηρίων
1213 853 1531 916 τυραννήςει,

382 941 715 992 διεςκοπεῑτο.
756 941 842 989 ςῦς
880 938 972 1001 μέν
1012 938 1144 989 ἐςτιν
1182 936 1458 1001 ἀγνώμων,

382 1024 573 1088 ἄρκτος
612 1025 671 1075 δέ
707 1025 898 1086 νωθής,
937 1022 1192 1086 πάρδαλις
1230 1024 1289 1074 δὲ
1328 1022 1588 1086 θυμώδης,

380 1111 539 1174 τίγρις
579 1109 625 1162 δ’
664 1108 876 1163 ἀλαζὼν
915 1111 997 1161 καὶ
1035 1110 1097 1161 τὸ
1137 1112 1243 1161 πᾶν
1282 1108 1514 1172 ἐρημαίη.

380 1196 584 1260 ἔλαφον
622 1198 894 1259 τυραννεῖν
933 1193 1226 1257 ἀξιωτάτην
1265 1194 1447 1257 κρίνει·
2031 1208 2084 1245 20

379 1282 546 1346 γαύρη
587 1284 680 1345 μὲν
716 1280 875 1342 εἶδος,
914 1282 1084 1333 πολλὰ
1123 1280 1168 1333 δ’
1206 1281 1278 1332 εἰς
1316 1280 1402 1342 ἐτη
1444 1281 1581 1345 ζώει,

378 1369 534 1432 κε’ρας
573 1369 632 1420 δὲ
670 1368 908 1432 φοβερὸν
946 1370 1098 1419 πᾶςιν
1137 1367 1375 1430 ἑρπετοῖς
1413 1366 1552 1430 φύει,

382 1455 623 1518 δένδροις
661 1453 863 1518 ὅμοιον,
901 1453 1031 1516 κούχ
1070 1453 1230 1505 ὁποῖα
1268 1455 1374 1503 τῶν
1411 1452 1643 1514 ταύρων,

379 1540 426 1591 τί
466 1557 543 1592 ςοι
581 1540 716 1601 λέγω
758 1540 822 1591 τὰ
860 1539 1056 1601 πολλά;
1096 1540 1232 1602 πλὴν
1270 1538 1538 1600 ἐκυρώθη(

379 1627 575 1690 μέλλεις
613 1625 657 1676 τ’
695 1625 931 1678 ἀνάςςειν
970 1626 1167 1688 θηρίων
1207 1623 1541 1688 ὀρειφοίτων.
2028 1637 2082 1675 25

379 1703 489 1763 τότ’
530 1711 596 1764 ἂν
631 1713 837 1774 γένοιτο
877 1715 967 1775 τῆς
1008 1711 1279 1763 ἀλώπεκος
1319 1711 1502 1774 μνήμη,

383 1798 643 1859 δέςποινα,
681 1801 772 1861 τῆς
810 1815 887 1849 ςοι
918 1794 1142 1865 <τοῦτο>
1189 1799 1403 1860 πρῶτον
1441 1795 1696 1857 εἰπούςης.

379 1882 524 1935 ταῦτ’
560 1882 742 1946 ἦλθον.
782 1884 914 1936 ἀλλὰ
952 1887 1115 1947 χαῖρε,
1153 1883 1389 1948 φιλτάτη.
1430 1882 1636 1934 ςπεύδω

378 1969 513 2033 πρὸς
550 1969 647 2021 τὸν
685 1970 890 2034 λέοντα,
929 1970 995 2034 μὴ
1034 1969 1188 2020 πάλιν
1226 1985 1286 2032 με
1325 1968 1512 2035 ζητήςῃ

379 2054 587 2120 (χρῆται
622 2056 722 2119 γὰρ
761 2055 880 2119 ἡμῖν
919 2054 989 2107 εἰς
1028 2053 1237 2107 ἅπαντα
1275 2053 1627 2117 ςυμβούλοις)·
2028 2065 2086 2105 30

380 2143 522 2192 δοκῶ
562 2142 622 2193 δὲ
659 2143 743 2193 καὶ
782 2143 850 2202 ςέ,
890 2142 1090 2202 τέκνον,
1129 2139 1175 2193 εἴ
1212 2157 1258 2191 τι
1295 2143 1387 2203 τῆς
1423 2139 1605 2203 γραίης

379 2228 610 2290 κεφαλῆς
649 2226 878 2278 ἀκούεις·
918 2227 1112 2291 ἔπρεπέ
1152 2244 1229 2278 ςοι
1265 2226 1607 2290 παρεδρεύειν

381 2311 635 2364 ἐλθοῦςαν
673 2311 816 2380 αὐτῷ
854 2314 937 2364 καὶ
975 2316 1245 2364 πονοῦντα
1282 2312 1568 2376 θαρςύνειν.

380 2397 445 2448 τὰ
484 2398 636 2461 μικρὰ
674 2398 839 2450 πείθει
876 2399 1000 2450 τοὺς
1039 2398 1096 2450 ἐν
1133 2397 1369 2461 ἐςχάταις
1407 2397 1591 2460 ὥραις·

379 2484 543 2547 ψυχαὶ
580 2483 626 2535 δ’
665 2484 723 2536 ἐν
762 2483 1074 2549 ὀφθαλμοῑςι
1111 2487 1218 2535 τῶν
1255 2482 1658 2536 τελευτώντωνῖ
2030 2494 2084 2534 35

379 2571 452 2622 ὣς
490 2568 602 2622 εἶπε
641 2571 828 2634 κερδώ.
867 2574 957 2634 τῆς
996 2569 1042 2622 δ’
1082 2570 1112 2622 ὁ
1151 2573 1277 2621 νοῦς
1317 2569 1591 2632 ἐχαυνώθη

379 2654 575 2716 λόγοιςι
611 2658 910 2718 ποιητοῑςιν,
947 2654 1074 2718 ἦλθε
1113 2653 1159 2706 δ’
1198 2654 1270 2706 εἰς
1307 2654 1485 2716 κοίλην

378 2742 642 2805 ςπήλυγγα
680 2742 844 2806 θηρὸς
881 2743 964 2794 καὶ
1002 2742 1064 2793 τὸ
1103 2742 1292 2806 με’λλον
1329 2741 1426 2792 οὐκ
1462 2740 1588 2807 ᾔδει.

379 2827 516 2880 λε’ων
553 2827 600 2880 δ’
638 2826 728 2880 ἀπ’
765 2829 919 2891 εὐνῆς
957 2826 1203 2880 ἀςκόπως
1243 2826 1545 2891 ἐφορμήςας

381 2910 556 2967 ὄνυξιν
594 2912 742 2965 οὔατ’
779 2914 1068 2978 ἐςπάραξεν
1108 2912 1344 2976 ἀκραίοις
2032 2924 2086 2963 4ο

381 3002 580 3065 ςπουδῇ
621 3002 879 3063 διωγμοῦ·
919 3001 1014 3063 τὴν
1053 3000 1113 3051 δὲ
1151 2998 1295 3063 φύζα
1335 2996 1562 3059 δειλαίην

381 3084 543 3147 θύρης
581 3086 789 3137 κατιθὺς
826 3085 951 3149 ἦγεν
990 3085 1061 3137 εἰς
1098 3085 1252 3149 μέςας
1289 3084 1430 3136 ὕλας.

378 3171 550 3233 κερδὼ
590 3172 651 3222 δὲ
689 3174 864 3235 χεῖρας
903 3170 1247 3235 ἐπεκρότηςεν
1285 3169 1545 3233 ἀλλήλαις,

214 3343 265 3382 12
296 3340 453 3384 ἔκυςςε
474 3340 749 3395 Lachmann]
782 3340 939 3384 ἔςκυςε
961 3340 995 3384 Α
1026 3339 1346 3395 προςπαίςαςα
1372 3339 1423 3383 δὲ
1449 3339 1569 3394 αὐτῇ
1595 3339 1627 3382 Β
1659 3337 1914 3392 προςέκυςε
1935 3338 2082 3392 Bergk

0 3455 3 3475 ι’
42 3440 98 3481 14
126 3439 257 3484 οἶδας
285 3454 371 3484 rec.
393 3440 428 3485 Α
445 3438 497 3493 Β]
531 3399 687 3483 οἶὲθας
718 3410 891 3493 {genens
922 3440 1015 3494 (αβ
1046 3454 1178 3494 supra
1202 3442 1375 3494 scripsit
1405 3445 1447 3481 et
1471 3439 1628 3481 οἶςθας
1659 3441 1705 3478 in
1729 3436 1860 3479 οἶδας
1891 3438 2076 3477 mutavit

0 3520 2 3522 v
40 3507 98 3539 m.
126 3498 233 3551 rec.)
263 3497 298 3542 Α
388 3510 464 3550 μοι
495 3497 529 3541 Α
547 3496 593 3550 Ρ]
628 3510 696 3540 ςοι
727 3498 759 3541 Β
859 3500 910 3539 15
940 3496 1118 3549 κάγγύς
1151 3498 1179 3541 L
1210 3496 1431 3551 Duebner]
1464 3496 1634 3549 κὲγγὺς
1663 3495 1698 3538 Α
1785 3492 2016 3547 θνήιςκειν
2039 3494 2074 3538 Α

43 3553 96 3595 16
117 3555 215 3606 μεθ’
235 3554 385 3597 αὑτὸν
408 3554 436 3598 F
505 3555 757 3607 βαςιλεύςει
779 3555 811 3599 Β
832 3555 859 3598 F
934 3557 986 3595 18
1008 3554 1150 3608 ἄρκος
1173 3556 1205 3599 Β
1275 3553 1460 3608 νωθρὸς
1483 3555 1514 3596 Β
1545 3551 1707 3606 νωθρὰ
1731 3551 1758 3594 F
1833 3553 1885 3592 21
1909 3550 2019 3595 ζώει
2039 3551 2074 3594 Α

39 3610 97 3654 ,26
126 3610 186 3654 ἂν
213 3609 267 3665 Α]
301 3610 360 3654 αὖ
392 3611 562 3652 Seidler
591 3611 676 3654 οῦν
709 3611 766 3656 L*
862 3614 915 3652 27
948 3625 1016 3655 ςοι
1043 3609 1237 3668 (τοῦτο)
1262 3609 1420 3664 Minas]
1455 3622 1522 3652 ςοι
1554 3613 1734 3661 (omisso
1763 3610 1925 3658 τοῦτο,
1956 3607 2076 3661 quod

39 3664 89 3707 in
116 3667 152 3712 Α
180 3668 281 3712 add.
310 3683 367 3712 m.
397 3682 483 3711 rec.
514 3674 614 3722 post
642 3670 758 3709 hunc
787 3673 974 3715 versum)
1008 3668 1086 3712 ΑΒ
1106 3669 1133 3712 Ρ
1233 3671 1286 3710 29
1317 3668 1460 3711 πάλαι
1493 3666 1534 3719 μ’
1566 3665 1790 3718 ἐζήτηςεν
1820 3666 2076 3706 Lachmann

42 3722 98 3765 86
127 3721 193 3767 ὣς
223 3723 272 3779 L]
304 3725 459 3768 οὕτως
490 3725 523 3769 Β
542 3725 570 3769 F
602 3726 668 3768 ὠ(
697 3726 732 3769 Α
828 3726 1055 3779 ἑτυφώθη
1089 3727 1122 3770 Β
1153 3725 1407 3779 ἐτυφλώθη
1443 3724 1470 3768 F
1567 3725 1736 3764 39—83
1765 3723 2078 3764 interciderunt

41 3779 89 3821 in
107 3780 318 3824 Vaticano
338 3783 500 3824 Furiae
591 3786 645 3824 41
678 3783 886 3836 διωγμοῦ
911 3782 960 3837 G]
993 3781 1206 3836 διωχθείς
1228 3784 1262 3827 Α
1284 3797 1366 3824 om.
1391 3783 1422 3825 Β
1509 3783 1564 3822 43
1596 3780 1852 3835 ἐκρότηςεν
1875 3779 1907 3823 Β
1929 3779 2074 3832 Bergk

210 3858 330 3892 Babrii
352 3858 507 3893 fabulae.
1775 3853 1803 3891 4
